1780 3178
427 259 897 306 FLORILEGIUM.
927 259 1029 302 rm.
1051 271 1120 315 31.
1369 256 1422 313 83

496 390 536 432 9.
558 375 796 432 Euripide-s
814 374 1013 430 Antiqua.

144 459 164 480 ⁰
179 451 416 493 Commune
434 449 580 492 multis
595 449 678 492 hoc
696 447 856 491 malum
875 446 1137 498 mortalibus,

87 523 154 578 Ut
172 531 311 565 mente
331 523 507 580 sapiant,
528 522 816 579 obsequantur
834 536 910 564 nec
930 528 1068 563 tamen

86 596 260 649 Animo,
280 596 434 654 cupitis
451 596 618 655 gaudiis
633 588 828 641 obnoxio.

493 683 562 713 10.
578 670 796 712 Hesiodus
813 669 1037 726 Operibus.

143 744 314 801 Pauper
333 751 376 785 et
394 743 586 801 ignavus,
605 742 680 785 sed
699 757 772 799 spe
791 741 970 784 lactatus
987 740 1116 792 inani,

85 817 300 874 Perpetuo
318 816 429 858 mala
446 816 583 859 multa
593 832 680 859 suo
697 816 778 859 sub
797 816 924 861 eorde
941 815 1116 858 volutat.

84 890 159 933 Ah
178 890 356 933 nimium
375 905 468 948 spes
483 890 558 934 illa
574 906 727 934 noeens
745 906 844 949 quae
860 890 951 934 sola
968 890 1181 933 sedentem
1208 928 1210 932 ,

85 966 140 1007 In
160 964 292 1007 triviis
310 964 525 1008 hominem
543 965 681 1008 victus
698 965 859 1008 solatur
878 978 1070 1022 egenum.

449 1050 465 1079 1
477 1051 514 1080 1.
535 1038 775 1096 Euripides
792 1038 1062 1096 Melwnvsppa.

140 1111 217 1153 Vir
236 1110 394 1153 otiosus
413 1110 514 1152 civis
533 1120 597 1154 est
614 1111 727 1154 idem
748 1112 896 1154 malus.

85 1186 196 1227 Nam
215 1200 353 1237 nemo,
374 1194 424 1227 ut
441 1201 586 1228 omnes
603 1201 705 1228 voee
724 1184 946 1243 compellet
964 1186 1093 1235 Deos,

84 1259 225 1302 Vitam
244 1275 391 1318 parare
411 1275 495 1302 non
514 1259 747 1302 laborando
763 1268 914 1317 potest.

489 1383 793 1433 TITULUS
825 1382 1025 1431 XXXI.

587 1485 661 1522 DE
687 1483 928 1523 PUDORE.

419 1588 426 1625 χ
483 1581 519 1610 1.
540 1568 779 1625 Euripides
804 1568 1029 1609 Tementaei.

143 1641 247 1684 Plus
267 1657 429 1700 semper
447 1642 510 1684 ira
528 1657 620 1684 mos
638 1641 902 1684 verecundus
915 1641 1057 1698 juvat.

414 1729 455 1760 2.
478 1716 592 1758 Idem
612 1715 846 1774 Iphigenia
863 1716 913 1757 in
932 1714 1097 1756 Aulide.

142 1790 174 1831 J
176 1804 252 1832 ure
273 1798 314 1831 te
332 1798 376 1832 et
394 1790 538 1848 paucis
558 1789 823 1847 repoendam,
842 1803 930 1832 non
947 1787 1216 1846 supercilium
1235 1788 1403 1831 vibrans

83 1862 314 1906 Insolenter
332 1872 567 1916 arcuatum,
584 1863 657 1905 sed
676 1862 865 1905 modeste
884 1878 933 1904 ac
954 1862 1103 1914 sobrie,
1298 1868 1303 1871 '

86 1937 151 1979 Ut
169 1936 289 1980 decet
306 1937 492 1980 fratrem.
543 1927 690 1978 Vereri
708 1935 839 1978 nescit
857 1935 1075 1993 ingenium
1093 1934 1348 1992 improbum.

528 2022 569 2065 3.
592 2009 712 2051 Idem
731 2007 984 2066 Hiffolyto.
1122 2023 1125 2026 ·

142 2083 319 2125 Utinam
340 2091 515 2134 teneres,
536 2089 676 2127 sancte
693 2090 758 2134 tu,
771 2090 948 2134 mentes,
971 2080 1132 2132 Pudor,

44 2191 50 2194 <
85 2157 150 2199 Ut
169 2156 431 2214 impudicum
450 2155 656 2214 quicquid
674 2163 738 2198 est
750 2154 961 2198 evelleres.

495 2242 536 2282 4.
559 2229 777 2272 Hesiodus
797 2229 1018 2286 Operibm.

143 2305 254 2346 Nam
273 2303 413 2362 pudor
431 2304 618 2346 humano
636 2302 779 2361 generi
797 2291 1055 2360 prodestque
1074 2309 1290 2359 nocetque.

410 2387 451 2433 5.
472 2378 715 2420 Mermader
739 2377 1092 2435 anamgwiozeis.

147 2451 223 2493 Me
235 2450 394 2508 judice,
415 2450 490 2508 qui
508 2450 716 2493 erubescit
734 2450 902 2508 ingenio
921 2458 984 2492 est
1002 2449 1147 2507 probo.

485 2536 549 2567 12.
571 2525 776 2567 Stasimum
798 2524 1036 2581 Cypnacis.

148 2598 297 2655 Ipsum
316 2607 458 2640 autem
477 2597 553 2655 qui
571 2607 723 2640 cuncta
741 2596 842 2640 facit
861 2605 1083 2654 servatque
1102 2604 1314 2639 tonantem
1367 2591 1371 2595 ’
1410 2589 1412 2593 ’

0 2668 1 2686 ³
91 2670 244 2713 Dicere
263 2686 348 2714 non
366 2671 519 2714 audes:
551 2670 783 2727 merentia
796 2670 947 2728 juncta
965 2670 1115 2713 timori.

566 2821 581 2835 ⁰
594 2815 695 2846 Refer
709 2815 751 2846 nd
766 2813 836 2846 Tit.
851 2813 981 2846 xvm·

745 2888 773 2913 G
796 2885 820 2915 2
