1780 3178
341 301 426 349 250
746 291 1003 336 IOANNIS
1034 291 1272 335 STOBAEI

850 419 892 451 2.
914 407 1165 464 Euripides.

396 477 637 521 Periculoso
656 478 731 535 qui
749 478 860 520 malo
879 478 998 520 ducit
1017 478 1131 520 diem

338 549 497 592 Melius
509 549 678 607 juvabit
698 565 808 607 saepe
825 564 953 607 quam
975 550 1049 607 qui
1069 558 1187 593 artus
1205 560 1327 593 secat.

823 637 864 680 3.
887 625 1190 668 Mimnermus.

366 745 375 754 ฮธ
391 698 457 739 Ut
474 697 691 740 fabulatur
711 697 826 740 natio
845 697 1120 752 medentium,

335 773 441 823 Quae
460 771 568 814 levia
586 772 743 829 magni,
763 771 909 830 gravia
926 772 1024 830 plus
1043 788 1168 830 aequo
1186 772 1379 823 aestimat,

335 845 478 888 Laudi
496 845 709 904 parandae.

776 931 818 972 4.
838 919 1058 961 Philemon
1078 919 1235 961 Sioua).

391 993 532 1037 Facile
551 1009 695 1036 omnes
713 993 903 1036 homines
921 993 1012 1036 aliis
1031 992 1249 1035 consilium
1268 992 1432 1044 damus,

335 1067 419 1110 Sed
437 1066 482 1109 in
499 1082 545 1109 re
564 1077 707 1109 nostra
725 1081 809 1108 non
830 1075 915 1109 tam
936 1065 1057 1108 facile
1076 1075 1140 1108 est
1157 1066 1342 1123 exsequi.

333 1142 379 1182 A
398 1140 569 1183 medicis
587 1150 883 1198 argumentum
903 1148 966 1183 est
985 1140 1029 1182 in
1048 1150 1218 1198 promtu
1241 1140 1382 1191 situm,

333 1216 551 1272 Praecepta
569 1214 711 1256 videas
730 1214 957 1272 quos=dare
974 1214 1256 1257 invalentibus

332 1288 480 1330 Victus
499 1287 652 1330 severi:
684 1296 728 1330 at
746 1287 826 1345 ipsi
846 1287 880 1329 si
898 1287 942 1329 in
961 1288 1110 1330 morbo
1129 1287 1285 1330 cubent

333 1363 496 1404 Eadem
515 1362 587 1404 illa
605 1362 742 1423 facere
759 1377 857 1419 quae
876 1361 967 1404 aliis
985 1361 1298 1404 interdixerant.

332 1436 473 1479 Credo
492 1451 578 1478 una
595 1435 748 1479 nolunt
766 1435 888 1478 dolor
907 1451 994 1478 esse
1012 1444 1055 1478 et
1069 1435 1241 1478 curatio.

901 1519 942 1566 5.
960 1510 1092 1552 Idem.

390 1582 434 1625 Si
453 1582 759 1640 circumspicias
777 1598 900 1625 nemo
919 1592 982 1626 est
1001 1583 1259 1626 medicorum
1279 1582 1468 1625 omnium

330 1657 462 1698 Recte
481 1656 618 1698 valere
636 1656 790 1698 amicos
809 1656 884 1713 qui
902 1656 1045 1714 cupiat
1065 1672 1175 1708 suos,

328 1731 420 1773 Nec
439 1730 555 1773 miles
575 1730 691 1772 urbis
709 1729 922 1788 placidum
942 1730 1017 1788 qui
1034 1740 1206 1788 exoptet
1225 1740 1391 1773 statum.

763 1806 802 1846 6.
825 1805 1044 1847 Philemon
1064 1806 1228 1848 Minor.

384 1877 435 1919 A.
458 1877 572 1929 Quid
588 1878 667 1920 hoc
686 1887 748 1920 est
767 1878 969 1921 hominis?
1001 1879 1059 1921 B.
1081 1879 1288 1922 Medicus.
1321 1879 1376 1922 A.
1399 1877 1514 1921 Proh
1545 1892 1666 1935 supe-

442 1954 536 1994 rsim
556 1951 694 1994 fidem.
1095 2010 1098 2012 v

327 2023 464 2074 Quam
484 2025 608 2068 miser
627 2034 689 2069 est
707 2026 841 2069 omnis
859 2026 1046 2070 medicus
1066 2027 1099 2069 si
1117 2042 1241 2070 nemo
1261 2035 1323 2070 est
1341 2027 1490 2069 miser?

888 2101 950 2143 Ib.
972 2101 1099 2144 Idem.

382 2170 613 2213 Causidicis
631 2172 711 2215 hoc
730 2182 772 2216 et
790 2173 960 2216 medicis
978 2174 1240 2232 praecipuum
1260 2174 1436 2232 obtigit:

325 2243 549 2298 Occidunt,
569 2245 704 2304 legem
724 2263 800 2291 nec
819 2249 968 2291 timent
988 2248 1240 2292 Corneliam.

711 2454 715 2457 ยน
752 2455 1055 2505 TITULUS
1089 2457 1231 2505 CIII.

767 2582 841 2620 DE
869 2583 1201 2623 FELICITATE.

742 2682 777 2710 1.
800 2670 1015 2714 Homerus
1038 2672 1235 2729 Odyssea.

376 2739 477 2781 AEvi
497 2739 598 2782 flore
616 2741 716 2793 frui,
738 2741 839 2783 senii
858 2743 1097 2800 contingere
1116 2744 1257 2797 limen,

317 2811 460 2856 Divite
480 2814 676 2871 conjugio
694 2815 850 2859 fultum
871 2817 1079 2874 rebusque
1098 2818 1263 2869 relictis,
