1780 3178
323 230 404 274 186
724 230 925 274 IOANN
928 220 986 272 1'S
1019 228 1262 272 STOBAEI

319 336 535 380 Divinitus
554 344 739 378 tentatur
758 343 834 377 aut
852 334 1110 386 humanitus,

318 411 396 454 Illa
414 412 468 453 ad
489 410 679 468 querelas
692 410 969 468 jurgiumque
988 408 1233 466 accingitur.

318 488 581 542 Quacunque
600 501 700 527 vero
718 483 891 529 foemina
909 483 954 526 in
973 482 1100 526 domo
1118 491 1196 534 est,
1215 483 1273 526 ibi

317 561 487 617 Hospes
504 559 685 616 benigne
704 557 848 600 nullus
866 556 1001 614 excipi
1021 564 1174 614 potest.

315 633 482 676 Deinde
501 649 597 690 quae
616 632 785 675 videtur
804 631 992 689 apprime
1012 631 1138 682 bona,

318 709 427 750 Haec
443 722 542 749 vero
561 707 746 749 hiantem
767 705 948 749 maxime
966 705 1108 748 illudit
1126 704 1206 746 viri

318 782 604 831 Securitatem.
657 780 830 824 Gaudet
847 779 1092 832 infortunio,

319 854 598 912 Malignitatis
618 869 707 896 mos
726 863 776 896 ut
795 861 870 906 est,
891 853 1070 895 vicinia:

318 931 516 987 Cumque
535 928 615 970 ista
632 929 750 980 fiant,
772 927 925 985 cuique
939 927 1138 970 laudatur
1157 942 1248 978 sua,

319 1003 531 1061 Culpatur
550 1017 660 1045 uxor
678 1001 796 1044 alteri
816 1017 913 1059 quae
928 1000 1125 1059 contigit:

318 1078 410 1119 Nec
429 1092 505 1119 nos
523 1076 666 1119 eadem
688 1083 799 1119 sorte
816 1075 1016 1118 sentimus
1035 1074 1180 1133 premi.

318 1151 426 1194 Mali
446 1159 633 1208 repertor
652 1150 810 1208 quippe
830 1150 935 1192 tanti
954 1151 984 1192 J
987 1150 1157 1208 uppiter

318 1224 613 1267 Adfabricavit
629 1223 844 1266 vinculum
864 1222 1095 1265 insolubile.

320 1299 435 1341 Hinc
453 1298 567 1341 caede
586 1297 741 1339 multos
760 1313 883 1344 orcus
901 1296 1061 1340 alterna
1080 1296 1230 1354 accipit

318 1373 593 1417 Effascinatos
611 1373 879 1415 foeminarum
899 1371 1124 1414 amoribus.

685 1561 698 1584 ¹
710 1551 1011 1603 TITULUS
1046 1553 1284 1602 LXXIV.

696 1653 992 1692 NUPTIALIA
1020 1653 1250 1690 MoNlTA.

789 1756 824 1784 1.
844 1741 1188 1786 Amandrides.

376 1820 461 1861 Iter
479 1818 559 1860 hoc
577 1817 799 1859 molestum
820 1826 882 1859 est
900 1831 949 1858 ac
968 1814 1149 1867 difficile,
1170 1831 1196 1856 ο
1214 1814 1314 1865 filia,

319 1895 507 1936 Domum
526 1891 568 1933 in
587 1899 803 1949 paternam
824 1890 878 1932 de
897 1889 1077 1932 maritali
1095 1889 1222 1931 domo

317 1968 527 2019 Transire,
549 1966 582 2008 si
602 1982 688 2024 qua
707 1965 833 2008 moris
852 1974 1043 2008 matrona
1061 1972 1124 2006 est
1142 1963 1276 2021 probi.

318 2042 597 2100 Reciprocum
617 2041 696 2083 iter
715 2040 795 2083 hoc
815 2054 1035 2097 nunquam
1054 2046 1174 2081 vacat
1193 2036 1379 2081 infamia.

830 2126 867 2159 2.
890 2106 1140 2170 Euripides.

371 2190 473 2231 *No‘n
492 2197 554 2231 est
571 2188 650 2230 viri
667 2187 902 2246 prudentis,
923 2186 1047 2229 uxori
1064 2186 1188 2228 nimis

317 2265 484 2307 Laxare
503 2263 635 2306 fraena
653 2272 695 2305 et
714 2262 865 2320 imperi
883 2260 968 2303 vim
987 2260 1145 2303 cedere.

318 2338 392 2380 Nil
412 2337 456 2379 in
475 2336 648 2379 muliere
668 2335 826 2379 stabile.
879 2334 1005 2386 Quod
1025 2333 1059 2376 si
1078 2333 1147 2376 cui
1166 2334 1278 2385 bona

317 2410 552 2468 Contigerit
573 2425 694 2462 uxor,
710 2423 958 2467 prosperum
978 2407 1255 2450 infortunium
1275 2415 1348 2449 est.

814 2496 855 2539 3.
875 2481 1154 2539 Antiphwnes.

375 2557 443 2597 Ne
462 2570 614 2612 corpus
634 2570 756 2597 ornes
775 2563 864 2598 arte
883 2554 1174 2612 pigmentaria,

318 2629 401 2672 Sed
422 2645 492 2672 cor
511 2618 694 2672 honestis
713 2629 900 2672 moribus
918 2644 967 2671 ac
986 2628 1108 2672 factis
1125 2628 1277 2686 probis.

478 2780 487 2798 ‘
501 2778 657 2818 Quaedam
673 2766 788 2810 horum
803 2778 903 2811 etiam
917 2779 958 2811 ad
971 2779 1125 2818 innuptas
1141 2778 1295 2810 foeminas
1311 2778 1485 2819 pertinent.
