1780 3178
356 267 449 313 ,εστ
692 299 694 301 ,
761 264 1019 325 1onNN1s
1051 262 1292 312 swam

737 397 762 441 3
766 397 808 440 5.
829 384 1107 442 Apollodorus
1127 384 1315 427 Lacaena.

412 461 565 502 Annos
585 458 731 502 seniles
750 474 817 511 ne,
840 457 1021 510 Philum,
1043 458 1263 516 spicum-ie,

351 534 429 576 Ad
448 550 555 592 quos
574 533 790 592 pervenies
808 541 851 575 et
870 541 920 576 tu
939 528 1120 575 Vivendo
1139 532 1230 576 di‘u'.

353 608 437 650 Sed
458 623 592 650 unum
612 616 674 650 est
693 607 737 649 in
757 623 844 664 quo
863 622 891 650 a
908 606 1027 649 vobis
1046 609 1187 665 pati‘efi
1205 606 1433 649 vincimur:

352 684 466 725 Nam
486 683 519 725 si
540 698 626 741 qua
645 683 689 724 in
709 698 755 725 re
775 682 916 724 minus
935 681 1221 740 indulgemus,
1241 681 1352 725 illico

350 756 582 808 Audimus,
604 758 704 798 Non
723 755 841 798 fuisti
855 755 1025 813 juvenis
1045 764 1094 798 tu
1113 756 1311 813 quoque?

350 831 415 872 At
434 839 579 872 contra
597 829 762 887 genitor
782 838 882 871 nato
900 828 1110 886 morigero
1128 829 1268 871 minus

352 904 486 946 Haud
507 913 569 946 est
589 913 638 946 ut
658 904 784 964 dicat,
806 905 907 946 Non
926 900 1045 946 fuisti
1064 912 1107 946 e't
1127 913 1176 946 tu
1197 906 1348 946 senex?

741 980 813 1035 36.
834 978 1074 1036 Mripides
1094 979 1307 1021 Phoenice.

410 1054 629 1105 Quantum
648 1068 691 1095 es
710 1052 823 1105 mali,
846 1062 1025 1105 senecta,
1046 1061 1089 1095 te
1108 1052 1388 1110 gestantibus!

753 1139 827 1189 373
846 1126 962 1170 Idem
981 1119 1291 1171 Andromacha.

412 1202 534 1243 Facit
553 1202 743 1244 remissos
761 1202 942 1259 languor
961 1202 1096 1245 aetatis
1117 1217 1247 1254 senes,

353 1276 437 1318 Sed
457 1285 499 1319 et
518 1276 714 1319 molestos
732 1276 904 1319 morbus
923 1276 1163 1319 iracundiae.

837 1342 906 1406 38.
930 1342 1049 1393 Idem
1069 1340 1218 1393 AEoeo.

410 1425 506 1465 Aut
525 1423 638 1465 dona
657 1423 829 1466 Veneris
848 1423 1045 1466 abdicant
1064 1422 1179 1466 ultro
1198 1430 1328 1474 senes,

352 1499 448 1539 Aut
468 1497 575 1539 senis
594 1513 755 1539 amores
772 1497 862 1555 ipsa
879 1497 1041 1539 fastidit
1056 1498 1212 1539 Venus.

859 1585 929 1628 39.
944 1567 1187 1629 Sophocles.

408 1646 473 1686 At
490 1658 612 1686 nemo
635 1643 762 1686 vitam
782 1653 948 1687 tantum
968 1653 1082 1687 amat
1100 1652 1308 1702 quantum
1329 1658 1455 1686 senes.

758 1806 1064 1855 TITULUS
1095 1799 1309 1856 CXVII.

350 1925 419 1964 PR
425 1924 721 1963 UDENTIAM
734 1923 1069 1963 SENECTUTIS
1081 1922 1340 1961 TOLLERE
1351 1907 1689 1968 MOLESTIAM,

428 1995 712 2033 IPSAMQUE
741 1994 1015 2032 EFFICERE
1034 1993 1193 2032 MULT
1194 1995 1228 2032 A
1255 1994 1607 2051 REVERENTIA

902 2064 1134 2102 DIGNAM.

890 2166 925 2195 1.
947 2154 1153 2195 Incertus.

406 2227 514 2269 Boni
535 2235 724 2269 senectus
743 2225 871 2268 comis
890 2241 1057 2268 accessu
1077 2226 1167 2268 viri.

790 2347 793 2349 ,
821 2313 858 2343 2.
877 2299 1222 2342 Amxancbmssdes.

403 2374 503 2416 Non
523 2382 586 2415 est
605 2381 808 2425 senectus,
830 2381 879 2414 ut
899 2382 962 2424 tu,
983 2376 1117 2430 pater,
1138 2371 1361 2424 existimas,

348 2449 468 2491 Onus
488 2447 594 2489 adeo
613 2446 800 2489 difficile:
834 2447 907 2489 sed
926 2447 1000 2504 qui
1020 2447 1103 2489 fert
1122 2462 1214 2489 eam

347 2521 497 2564 Minus
512 2520 675 2572 decore,
691 2519 779 2577 ipse
799 2517 1145 2578 imPedimentum
1165 2530 1228 2563 est
1249 2520 1340 2563 sibi.

344 2597 403 2638 At
423 2604 567 2638 contra
586 2594 750 2636 facilem
769 2594 909 2636 reddit
927 2608 975 2637 ac
995 2594 1268 2647 tractabilem,

345 2668 429 2720 Qui
450 2667 611 2726 placide
631 2667 742 2709 iuius
760 2667 949 2710 moribus
970 2683 1013 2710 se
1033 2667 1332 2719 accommodat,

345 2741 580 2784 Tristitiam
590 2742 777 2784 *demens
789 2750 918 2799 atque
936 2756 1150 2799 apponens
1167 2742 1388 2799 gaudium.

343 2813 462 2857 Male
481 2814 555 2871 qui
575 2815 671 2866 fert,
693 2814 769 2858 sibi
789 2824 1035 2872 perpetuam
1057 2815 1292 2859 moestitiam
1314 2815 1438 2873 parit.
