1780 3178
354 249 436 291 160
750 244 1020 291 ‘IOANNIS
1051 245 1291 289 STOBAEI

678 368 745 408 24.
767 355 1005 413 Euripides
1025 354 1364 397 Rhadamomtho.

407 440 442 461 m
456 430 596 473 Vitam
615 429 724 471 hanc
743 444 905 471 amores
924 428 1032 471 alius
1049 428 1247 470 aliorsum
1268 428 1453 472 trahunt.

348 507 431 548 Est
450 505 525 563 qui
546 504 685 547 vocari
706 502 856 545 nobilis
876 518 1078 560 magnum
1097 511 1244 560 putat:

349 581 448 622 Hoc
468 575 629 636 spernit
647 576 768 628 alius,
790 584 832 618 et
850 584 970 633 pater
983 575 1071 617 >dici
1090 575 1244 618 domus

348 652 558 695 Florentis
578 659 738 694 emtum
758 650 991 708 quamlibet
1010 665 1165 708 magno
1184 649 1296 692 velit.

349 729 460 769 Sunt
479 729 598 784 queis
616 725 748 768 libido
768 733 844 776 est,
865 739 997 782 prava
1014 739 1112 767 cum
1133 723 1288 777 dicant,
1310 731 1451 766 tamen

348 801 539 842 Trahere
558 799 776 841 audientes
795 796 1015 855 pestilente
1028 797 1222 840 audacia.

348 874 511 916 Multos
529 873 705 915 honesto
721 873 932 915 cernimus
943 881 1200 929 praevertere

348 949 551 990 Lucrum.
603 946 752 989 Omnis
771 945 876 989 adeo
897 946 984 988 vita
1002 945 1128 1003 plena
1145 944 1367 995 erroribus,

766 1087 1070 1136 TITULUS
1104 1087 1262 1136 LXV.
1306 1120 1310 1121 γ

706 1188 820 1226 PRO.
845 1187 1321 1226 PULCHRITUDINE.

786 1287 800 1316 1
813 1307 821 1316 .
845 1274 1086 1332 Euripides
1105 1274 1252 1316 AEolo.

403 1350 579 1392 Videam
601 1364 790 1391 meorum
810 1347 987 1391 liberum
1007 1356 1128 1391 natos
1148 1363 1296 1400 mares,

347 1427 539 1476 Quorum
560 1439 633 1465 ora
651 1423 807 1466 celsum
828 1423 1055 1481 praeferant
1074 1423 1193 1481 regni
1213 1423 1352 1467 decus.

345 1497 524 1541 Virtutis
545 1497 694 1539 etenim
718 1512 872 1554 magna
891 1497 1198 1540 commendatio
1217 1505 1281 1540 est

346 1570 565 1628 Spondens
584 1570 760 1612 honesta
779 1570 962 1628 eorporis
981 1570 1148 1628 pulchri
1168 1571 1286 1614 fides.

575 1634 577 1636 ¹
862 1658 898 1688 2.
921 1646 1174 1687 Affenander.

404 1717 447 1758 Si
467 1717 634 1774 pulchri
654 1732 789 1759 mores
809 1718 1165 1775 pulchritudinem
1186 1717 1351 1761 insitam

346 1790 650 1842 Condecorent,
671 1807 788 1833 amor
807 1791 887 1834 hoc
906 1791 998 1850 ipso
1016 1791 1220 1850 geminari
1240 1792 1355 1834 solet.

785 1877 824 1920 3.
848 1864 1065 1906 Homerus
1086 1865 1245 1906 Iliade.

401 1936 556 1978 Nireus
577 1952 628 1978 ex
652 1937 766 1979 Simo
786 1938 913 1980 ternis
933 1938 1023 1980 dux
1044 1938 1222 1982 navibus
1241 1938 1343 1990 ibat,
1408 1957 1415 1969 ³

343 2011 499 2053 Nireus
518 2011 676 2069 Aglaia
694 2021 818 2054 natus
841 2012 1123 2070 Charopoque
1142 2022 1329 2071 parente,

343 2084 512 2137 Nireus,
533 2085 601 2127 cui
622 2085 757 2127 forma
775 2102 853 2143 par
873 2102 996 2128 nemo
1015 2086 1071 2129 ad
1090 2088 1299 2145 Pergama
1317 2087 1443 2139 venit.

800 2172 844 2212 4.
867 2161 981 2202 Bion
1003 2161 1227 2204 Bucolicis.

400 2241 421 2261 n
436 2233 593 2275 Forma
611 2232 771 2274 bonum
792 2232 996 2275 muliebre
1012 2249 1021 2275 ε
1054 2232 1175 2291 vigor
1193 2234 1422 2293 roburque,
1443 2235 1572 2279 virile.

747 2318 787 2362 5.
810 2307 1032 2350 Philemon
1052 2309 1269 2366 Ignfiro.

398 2389 417 2409 ⁰
431 2380 596 2438 Edepol
619 2396 695 2422 nec
714 2381 850 2440 pictor
870 2381 1092 2439 quisquam
1113 2391 1189 2434 est,
1211 2397 1286 2425 nec
1308 2383 1548 2436 statuarius,
1568 2440 1570 2442 v
1631 2376 1640 2380 “

340 2455 424 2506 Qui
445 2455 568 2497 talem
589 2465 728 2513 posset
748 2465 837 2498 arte
857 2456 1214 2514 pulchritudinem

340 2529 591 2586 Exprimere
612 2529 779 2587 qualem
800 2546 940 2573 rerum
962 2531 1115 2574 veritas
1133 2531 1272 2575 habet.

386 2728 408 2743 ¹¹·
424 2722 521 2754 Refer
538 2723 578 2754 ad
593 2722 659 2755 Tit.
676 2723 720 2755 ΙΙ.
797 2730 812 2745 ¹¹
822 2723 920 2757 Refer
935 2723 975 2756 ad
991 2724 1058 2756 Tit.
1074 2724 1182 2757 LXVI
1188 2748 1196 2757 .
1269 2731 1284 2746 ⁰
1294 2726 1395 2758 Refer
1408 2727 1449 2759 nd
1463 2726 1529 2760 Tit.
1543 2727 1635 2764 Lxl.
