1780 3178
377 268 467 314 302
777 256 1031 299 IOANNIS
1063 255 1307 299 STOBAE'I

373 369 438 412 Ibi
459 378 749 428 paupertatem
764 370 846 412 fert
866 384 985 413 suam
1003 370 1241 428 patientius.

374 443 646 501 Lymphatur
665 443 837 500 aliquis:
869 443 1159 486 Alcmaeonem
1175 442 1387 501 conspicit.

370 516 515 559 Oculis
532 516 725 559 laborans
744 531 874 559 caecos
893 516 1096 559 Phinidae
1114 516 1241 559 videt.

366 591 528 633 Natum
548 590 668 632 effert
686 589 815 632 alius:
848 589 986 632 Niobe
1004 589 1221 646 lugentem
1234 587 1358 631 levat.

369 662 585 705 Dolethic
606 678 648 705 se
667 662 891 705 claudum:
924 662 997 704 sed
1019 661 1296 704 Philoctetem
1315 660 1442 704 videt.

371 734 505 776 Miser
523 734 567 775 in
587 742 751 777 senecta
768 742 853 776 est:
885 733 1075 776 intuetur
1095 734 1297 779 OEneum.

369 809 435 850 Ita
453 808 646 865 quisque,
667 807 770 849 dum
787 800 974 849 ⁸evenisse
994 807 1173 864 majores
1193 806 1278 849 suis

370 882 482 932 Olim
502 882 592 924 aliis
611 881 866 924 calamitates
885 897 1025 924 secum
1045 880 1215 938 cogitat,

369 955 530 997 Animo
550 954 734 1011 aequiore
753 954 835 996 fert
856 955 1059 996 Fortunae
1077 953 1264 1011 injurias.

745 1039 812 1074 20.
829 1027 1066 1084 Euripides
1085 1026 1342 1068 Aleoewndsro.

428 1099 548 1142 Mala
566 1099 665 1141 flere
684 1107 825 1141 vetera
842 1098 1052 1141 lachrimis
1070 1098 1157 1141 noli
1175 1098 1305 1141 novis.

814 1183 819 1218 ,’
860 1184 924 1215 21.
945 1173 1223 1230 Philippides.
1775 1183 1780 1238 ᾗ

425 1246 614 1303 Tempus
632 1246 864 1288 communis
883 1245 1070 1288 medicus
1088 1245 1164 1288 tibi
1183 1244 1430 1289 medebitur.
1494 1277 1501 1286 s
1774 1271 1780 1304 5

862 1330 935 1363 22.
957 1319 1210 1361 Menander.
1429 1340 1438 1353 ι
1775 1315 1780 1351 ⁵

429 1394 621 1450 Tempus
640 1391 845 1433 malorum
865 1407 1046 1449 quaeque
1065 1391 1148 1434 fert
1166 1391 1386 1435 necessitas
1705 1399 1711 1406 ’
1771 1378 1780 1412 ³

370 1466 617 1509 Communis
635 1465 821 1508 medicus
840 1475 883 1508 et
901 1465 978 1508 tibi
997 1465 1244 1508 medebitur.

870 1551 946 1595 23.
969 1541 1196 1582 Homerus.

427 1613 620 1662 Quonam
640 1610 709 1652 hic
730 1626 865 1668 usque
884 1620 1024 1654 manet
1044 1611 1198 1664 luctus,
1220 1627 1307 1670 quo
1317 1613 1408 1656 -fine
1426 1612 1623 1665 dolendo,

370 1685 495 1735 Nate,
513 1683 588 1726 tibi
608 1699 679 1726 cor
699 1693 872 1726 moestus
892 1684 1015 1726 ades?

701 1769 768 1810 24.
790 1757 988 1814 Scriptm·
1006 1758 1141 1799 Aurei
1159 1759 1374 1800 carminis.

424 1829 533 1872 Vitae
550 1839 794 1887 parcetuae,
816 1845 892 1872 nec
910 1845 1002 1872 eam
1020 1846 1218 1873 consume
1237 1830 1433 1874 dolendo.

885 1915 909 1946 2
910 1914 953 1959 5.
974 1904 1193 1960 Diphilus.

424 1977 550 2018 Omni
570 1976 762 2018 medetur
781 1975 907 2033 longa
925 1976 1103 2019 tristitiae
1122 1977 1222 2019 dies.

802 2050 873 2092 26.
894 2049 1082 2091 Philetas
1105 2050 1267 2092 Cerere.

366 2124 464 2164 Hoc
483 2122 568 2173 fiet,
589 2121 754 2163 labente
771 2121 856 2172 die,
878 2123 988 2163 Jove
1008 2121 1135 2164 dante
1155 2122 1320 2165 dolores

423 2195 530 2246 Quae
548 2194 691 2251 coquit
710 2205 752 2237 et
772 2194 910 2236 luctus
930 2193 1017 2236 sola
1034 2195 1222 2237 levamen
1242 2196 1383 2239 habet.

367 2269 487 2325 Saepe
506 2267 655 2325 aliquis
675 2267 784 2310 duro
803 2268 974 2311 satiatus
993 2276 1162 2325 pectora
1179 2268 1298 2311 luctu

420 2341 649 2384 Tristitiam
670 2340 778 2383 fesso
795 2341 958 2398 depulit
977 2357 1030 2383 ex
1047 2340 1198 2383 animo.

699 2423 766 2468 27.
788 2413 1054 2470 Antiphane-5
1082 2415 1359 2457 Veneralibus.

420 2488 590 2544 Lugere
610 2486 763 2528 amicos
781 2485 901 2528 luctu
921 2485 1136 2528 moderato
1154 2486 1299 2528 decet:

363 2562 453 2602 Nec
474 2559 582 2603 enim
603 2560 832 2617 perierunt,
854 2559 927 2602 sed
945 2575 1036 2602 eam
1056 2575 1184 2617 quam
1203 2560 1421 2607 necessitas

360 2633 518 2676 Indixit
536 2633 696 2675 cunctis
714 2640 1030 2675 antevorterunt
1048 2633 1185 2675 viam:

360 2706 421 2750 Et
440 2720 515 2747 nos
534 2704 647 2747 citati
666 2719 764 2746 mox
783 2719 860 2746 suo
878 2704 1057 2761 quisque
1075 2704 1222 2746 ordine

359 2780 571 2843 Cogemur
590 2793 732 2820 omnes
750 2778 793 2820 in
812 2778 922 2820 idem
942 2777 1231 2827 diversorium,
