1780 3178
453 257 914 302 FLomLEGmM.
946 260 1047 303 'rm
1068 264 1135 318 96.
1382 274 1467 319 227

131 367 444 412 possessionum
463 370 581 413 nulla
597 381 661 414 est
678 372 997 417 inconstantior:
1196 430 1197 434 Ἰ

130 442 325 501 Namque
342 443 424 486 alia
442 453 659 502 utcunque
677 445 857 489 dominis
875 447 961 490 fida
979 448 1213 491 mantitant.

644 532 708 576 15.
730 523 956 579 Archytae.

186 598 221 620 ¹¹²
238 592 355 634 Usus
373 602 525 637 cuncta
543 594 676 637 docet.
725 595 841 647 Quid
860 611 946 638 non
965 597 1168 640 invenerit
1189 599 1312 639 usus?

664 693 666 696 >
685 668 749 711 lb.
771 670 904 711 Idem.

188 737 343 794 Ignota
360 739 592 793 inveniunt,
612 741 836 784 emendant
854 742 1022 799 cognita
1039 758 1162 785 curae.

632 827 702 858 21.
729 815 959 872 Theognis.

185 883 351 926 Occidit
369 856 511 941 plures
529 887 666 938 satias,
687 902 815 943 quam
835 887 963 931 tristis
981 898 1152 946 egestas.

516 1076 537 1096 n
554 1059 857 1109 TITULUS
891 1061 1077 1111 XCVI.

414 1173 780 1213 PAUPERTATIS
809 1177 1066 1215 VITUPERI
1074 1178 1168 1216 UM.

474 1272 509 1300 1.
527 1259 765 1316 Euripides
784 1261 1111 1318 Bellerophonte.

183 1331 248 1372 At
267 1329 457 1388 quisquis
475 1340 616 1373 ortum
636 1332 764 1389 stirpe
782 1348 984 1391 generosa
1003 1335 1172 1377 trahens

126 1403 193 1445 Re
211 1403 315 1446 vivit
333 1414 461 1455 arcta,
480 1421 568 1462 quo
587 1414 682 1447 satu
700 1415 764 1448 est
782 1406 964 1458 felicior,-

126 1477 224 1519 Hoc
240 1477 412 1534 gravius
429 1477 548 1520 illum
568 1478 677 1521 dura
694 1489 920 1538 paupertas
939 1482 1105 1539 premit,

124 1550 291 1593 Victum
311 1566 458 1609 parare
477 1552 582 1594 dum
600 1568 729 1596 manu
747 1555 943 1612 prohibet
957 1556 1110 1613 pudor.

596 1640 635 1671 2.
656 1628 775 1670 Idem
794 1630 980 1672 Electra.

181 1698 360 1740 Peoeare
379 1707 539 1755 egestas
558 1714 669 1756 saepe
687 1700 875 1744 nolentes
893 1702 1025 1744 docet.

578 1786 619 1828 3.
640 1774 759 1816 Idem
777 1775 993 1817 Archelao.

181 1842 385 1885 Nondum
404 1844 525 1886 nobis
543 1845 653 1888 vada
670 1844 794 1889 vasta
805 1846 933 1889 datur
989 1882 1000 1889 .

124 1918 355 1974 Superare3
388 1928 528 1961 manet
546 1919 636 1962 fera
654 1931 894 1979 paupertaS,

122 1991 287 2034 Immite
305 1992 488 2041 malum;
520 2009 608 2036 sors
626 1994 724 2037 laeta
741 1995 865 2052 fugit.

670 2082 711 2121 4.
734 2069 907 2111 Ibidem.

178 2139 325 2197 Inopia
343 2140 549 2198 templum
569 2157 653 2184 non
672 2141 814 2194 habet,
833 2143 968 2201 turpis
987 2144 1091 2185 Dea.

121 2213 232 2255 Nam
250 2213 373 2256 valde
393 2230 471 2272 ego
490 2214 582 2258 illos
601 2231 766 2272 sperno,
786 2216 862 2273 qui
882 2217 1049 2274 sapiunt
1067 2216 1254 2274 quidem,

122 2287 207 2330 Sed
226 2287 313 2330 sola
330 2287 500 2346 sapiunt
517 2287 573 2330 ad
592 2287 722 2339 lucra,
745 2287 921 2330 ulterius
940 2288 1058 2330 nihil.

533 2370 574 2415 5.
595 2360 837 2402 Menander
857 2361 1034 2418 Gorgia.

179 2433 352 2491 Gorgia,
373 2434 500 2476 homo
517 2449 680 2491 pauper
697 2449 762 2476 res
780 2442 843 2476 est
858 2433 1117 2476 fastidibilis:

121 2507 316 2564 Namque
334 2515 384 2549 ut
402 2507 601 2565 loquatur
619 2523 669 2549 ea
686 2523 784 2564 quae
805 2516 903 2550 sunt
916 2507 1160 2564 justissima,

121 2581 285 2622 Tamen
304 2580 420 2638 loqui
438 2590 630 2624 censetur
647 2580 798 2638 quaesti
816 2580 962 2638 gratia.

163 2767 187 2782 ¹¹
202 2761 301 2793 Refer
314 2761 356 2793 ad
370 2761 436 2793 Tit.
452 2762 525 2793 Lx.
655 2768 670 2783 ¹·
685 2762 789 2794 Valde
804 2763 943 2793 oohaeret
955 2771 1029 2793 cum
1042 2761 1110 2792 Tit.
1123 2761 1213 2793 xcl.
1226 2762 1287 2793 Sed
1299 2762 1446 2802 quaedum

119 2818 190 2851 heic
204 2820 245 2851 de
259 2824 447 2861 paupertate
463 2819 566 2861 magis
579 2820 730 2852 dicuntur
744 2831 841 2861 quam
857 2821 892 2851 in
908 2820 1100 2860 vituperium
1116 2821 1324 2861 paupertatis„

809 2893 837 2922 Q
858 2891 881 2920 2
