1780 3178
433 279 901 322 rnomLEGmM.
934 281 1038 322 Τιτ.
1064 291 1129 337 73.

111 386 379 429 Truculenta,
396 400 524 444 quam
544 401 621 428 nos
639 386 768 444 pestis
786 395 951 429 exercet
971 388 1129 430 Venus!

531 461 612 504 26.
638 460 756 502 Idem
777 460 1022 518 Iphtgenia.

135 584 137 587 ι
170 531 363 574 Multum
383 532 602 575 struendas
622 533 772 575 mulier
791 533 846 576 ad
866 534 1036 577 fraudes
1056 534 1176 576 valet.

585 614 655 660 27.
677 606 796 648 Idem
816 607 982 649 Medea,

169 679 257 721 Res
275 679 384 721 inter
402 694 559 731 omneS,
582 682 701 737 queis
719 679 845 722 datus
865 680 962 723 vitae
980 680 1101 738 vigor

110 753 365 810 Sensusque,
386 752 493 794 nihil
511 762 574 795 est
593 752 767 795 foemina
784 752 1002 795 infelicius.

111 826 303 869 Primum
324 827 498 869 maritus
517 826 616 870 dote
635 833 790 885 magna
808 837 851 869 et
870 826 1092 884 splendida

111 900 355 943 Emendus:
386 900 501 943 hunc
521 915 684 943 necesse
702 900 922 943 dominum
942 901 1126 960 corporis

111 975 331 1034 Accipere.
382 975 558 1018 Cunctis
576 975 695 1033 quod
713 975 833 1018 malis
851 976 974 1034 pejus
992 976 1150 1019 malum
1170 985 1243 1018 est.

579 1050 646 1092 28.
669 1049 788 1091 Idem
810 1049 982 1107 (Εάίφο.

169 1119 315 1162 Minor
333 1128 396 1162 est
417 1127 525 1162 uxor
543 1118 630 1171 vili,
651 1119 843 1176 quamvis

110 1192 362 1243 Clarissima,
380 1200 514 1249 nupta
531 1191 693 1234 marito.
887 1242 893 1246 Ι

547 1278 614 1320 29-
635 1265 755 1307 Idem
775 1265 1014 1324 Meleagro.

166 1337 281 1381 Telae
301 1338 485 1381 laborem
505 1338 539 1380 si
557 1338 636 1380 viri
656 1347 824 1380 sumant
843 1339 936 1389 sibi,

111 1413 271 1455 Contra
289 1420 476 1470 capessat
492 1427 609 1454 arma
626 1411 849 1454 foemineus
867 1412 1001 1465 furor,

111 1486 246 1530 Nobis
264 1496 308 1529 et
326 1486 406 1529 illis
424 1495 515 1529 arte
535 1486 708 1544 dejectis
726 1501 804 1529 sua¹

112 1562 211 1604 Non
230 1575 333 1603 usus
351 1570 472 1613 esset,
493 1567 578 1604 non
595 1561 730 1603 honos
748 1560 861 1603 ullus
879 1577 1016 1619 super.

434 1646 503 1690 30.
526 1634 645 1675 Idem
663 1634 902 1692 Hippolyto
919 1642 1127 1678 coronato.

170 1708 405 1750 Hominum
427 1708 652 1765 Defimque
670 1715 796 1759 sator,
816 1707 861 1749 in
877 1723 973 1750 oras
991 1708 1162 1751 luminis

114 1786 206 1827 Cur
222 1784 391 1827 edidisti
409 1783 601 1826 foeminas
619 1783 772 1826 falsum
792 1786 953 1841 genus?

113 1860 225 1902 Nam
242 1859 414 1916 gignere
433 1857 622 1900 homines
640 1857 675 1900 si
693 1857 778 1900 fuit
797 1873 910 1900 curae
930 1857 1021 1909 tibi,

112 1933 212 1974 Non
231 1931 379 1974 debuit
398 1939 539 1973 tamen
557 1945 645 1972 esse
662 1929 872 1972 foe'tnineae
891 1930 971 1973 hoc
990 1930 1103 1988 opis:

113 2006 198 2050 Sed
217 2005 464 2049 collocantes
482 2004 527 2046 in
545 2004 630 2046 tuis
646 2003 931 2062 penetralibus

111 2081 285 2122 Aurum
304 2077 372 2120 vel
392 2093 448 2120 oes
468 2076 534 2119 vel
553 2076 662 2119 dura
679 2077 782 2119 ferri
799 2077 1001 2135 pondera,

114 2149 258 2193 Pretio
276 2165 425 2208 parare
443 2149 597 2192 liberos
614 2149 744 2192 satius
763 2149 858 2192 fuit.

668 2236 740 2280 31.
762 2224 895 2265 Idem'.

170 2300 327 2341 Omnes
345 2297 540 2340 mulieres
558 2292 760 2339 exsecror.
808 2297 876 2338 Te
895 2295 1091 2346 maxime,

113 2374 221 2424 Quae
239 2387 370 2430 prava.
388 2363 500 2414 facta
513 2386 615 2414 voce
634 2370 907 2428 blandiloqua
926 2369 1044 2427 teg-is-

581 2457 651 2501 32.
675 2445 794 2486 Idem
814 2445 980 2486 Medea.

458 2519 668 2561 Praeterea
682 2518 809 2561 rudes

114 2592 304 2635 Nimium
321 2592 529 2635 bonarum
547 2591 732 2635 foeminae
751 2605 895 2634 rerum
914 2606 1073 2642 sumus,
1164 2615 1173 2620 -

115 2665 245 2708 Malis
263 2665 471 2708 struendis
488 2665 656 2723 opifices
674 2663 905 2707 industriae.

649 2752 719 2795 33.
744 2737 917 2780 Ibidem.

174 2813 231 2855 Ni
251 2823 292 2859 te
313 2821 430 2854 torus
449 2811 696 2863 stimularet,
717 2811 808 2853 haec
826 2824 911 2851 non
931 2808 1098 2851 diceres·

778 2897 810 2925 x
833 2895 858 2925 2

1369 293 1446 336 ¹79
