1838 3276
467 282 923 326 FLORILEGIUM.
957 284 1062 326 T-rr.
1084 298 1122 340 9.

135 397 326 440 Alterius
345 397 402 439 sic
422 396 491 439 ille
511 397 601 439 neci
621 397 726 439 dum
745 396 962 439 fervidus
953 406 1093 448 instat,

193 472 388 523 Fallitur,
409 482 538 529 atque
557 471 635 514 sibi
655 471 842 529 repperit
858 471 947 529 ipse
966 485 1121 513 necem.

632 558 698 587 10.
718 545 974 587 Menander.

144 607 146 610 .
193 620 327 662 Decet
347 618 461 661 istud
480 634 624 662 omnes
643 617 879 661 abstinere
870 617 1048 675 mjuriis.

530 705 595 735 11.
618 692 737 739 Idem
757 692 1075 749 Super-stimmo.

193 765 215 796 ¹¹
231 767 403 809 Habere
423 765 603 809 famulos
621 780 766 823 aspere
785 779 1018 821 numquam
1037 763 1180 811 decet;

139 842 402 899 Minimeque
421 841 455 883 si
474 840 580 899 quid
598 849 738 883 mente
753 837 917 895 decepti
935 837 1048 880 bona

139 915 488 958 Hallueinantur:
520 923 622 957 tunc
641 912 752 955 enim
772 911 909 969 turpis
926 909 1054 968 rigor.

695 997 763 1027 12.
785 985 919 1026 Idem.

195 1060 336 1103 Debet
353 1059 471 1117 quod
484 1060 559 1117 jus
575 1068 639 1101 est
658 1058 822 1101 vincere
841 1056 956 1100 omni
975 1065 1178 1115 tempore.

642 1144 708 1187 13.
729 1130 980 1188 Eurspides.

196 1205 271 1247 Vir
283 1205 426 1262 justus
442 1218 552 1246 unus
570 1202 701 1245 millia
719 1202 921 1244 immensa
939 1202 1179 1264 improbum

140 1281 334 1336 Superat,
355 1278 521 1320 favente
541 1277 675 1320 fretus
689 1286 733 1320 et
745 1278 844 1335 jure
864 1286 907 1320 et
927 1278 1036 1322 Deo,

634 1364 703 1404 14.
722 1351 980 1394 Pkiwnides.

196 1425 295 1467 Non
313 1424 384 1467 ille
402 1434 465 1468 est
484 1424 664 1483 pavidus
683 1424 758 1484 qui
777 1425 841 1468 fas
859 1433 903 1466 et
920 1423 1034 1482 leges
1053 1424 1195 1467 timet:

138 1497 353 1541 Adversus
371 1499 511 1541 hostes
530 1498 584 1541 de
603 1498 760 1541 virtute
778 1497 986 1542 cernitur:

138 1575 178 1617 A
190 1574 290 1632 jure
308 1573 419 1616 vinci
438 1572 631 1631 praecluis
649 1571 823 1615 victoria
841 1580 918 1614 est.

662 1658 726 1702 15.
747 1647 956 1687 Incertus.

195 1721 227 1761 J
230 1736 281 1762 us
294 1719 520 1778 praevalere
539 1735 702 1777 semper
719 1719 970 1762 immensum
989 1729 1052 1761 est
1070 1695 1252 1760 bonum:

141 1794 305 1852 Injuria
322 1804 372 1837 ut
389 1794 486 1852 quis
505 1802 688 1852 superet⁹
709 1793 958 1836 immensum
976 1792 1147 1834 malum.

140 1868 247 1920 Quis
261 1883 332 1911 cor
350 1877 594 1926 protervum
614 1875 658 1910 et
676 1875 824 1924 pectus
840 1865 1000 1909 invidia
1018 1873 1199 1908 aestuans

140 1945 286 2000 Opoet,
306 1942 384 1985 nisi
401 1951 626 1999 corruptus
643 1941 789 1984 inflata
804 1939 971 1983 indole?

631 2015 695 2056 16.
716 2013 995 2070 Antvsphwnes.

199 2088 284 2140 Qui
303 2088 363 2131 nil
382 2088 525 2145 inique
543 2096 683 2145 patrat
701 2086 801 2129 huic
818 2085 912 2144 lege
930 2085 1048 2128 haud
1065 2093 1129 2127 est
1146 2099 1268 2142 opus-

538 2166 608 2215 17:
624 2159 866 2203 Menwnder
884 2158 1096 2202 Famula.-

201 2235 494 2294 Quodcunque
516 2244 676 2279 rectum
696 2241 774 2286 est,
793 2233 838 2276 id
855 2232 953 2290 plus
971 2232 1064 2289 lege
1083 2230 1175 2288 ipsa
1191 2228 1316 2271 valet.

559 2309 627 2351 18.
649 2308 764 2350 Idem
784 2306 1063 2349 Fidicinilm.

203 2381 367 2439 Injuria
384 2381 418 2424 si
435 2381 625 2439 fugimus
643 2379 830 2431 afflictam,
852 2388 988 2436 pater,

145 2455 230 2508 Qui
250 2464 348 2498 sunt
366 2455 522 2513 quibus
538 2469 616 2497 nos
633 2454 742 2498 ferre
761 2452 974 2511 suppetias
987 2450 1140 2509 jubes?

665 2541 732 2584 19
753 2527 960 2572 [wertw-

203 2603 368 2660 Injuria
383 2602 590 2646 abstinere
609 2601 685 2659 qui
704 2600 840 2651 discit,
859 2598 1018 2650 Lache,

146 2678 257 2719 Rem
277 2675 399 2718 discit
417 2675 648 2733 elegantem
667 2682 710 2717 et
727 2673 773 2715 in
791 2672 878 2714 vita
897 2670 1060 2714 utilem.

613 2834 631 2856 ¹·
648 2834 745 2866 Refer
759 2834 801 2866 ud
815 2832 885 2865 Tit.
900 2831 1009 2865 Lxll.

798 2907 826 2933 1>
847 2904 873 2947 3
1017 2892 1022 2896 ⁴

1411 290 1466 336 37
