1780 3178
462 271 933 316 FLORILEGIUM.
963 272 1065 315 Trr.
1087 286 1155 330 90.

581 394 883 445 TITULUS
914 394 1026 443 XC.

547 510 622 548 DE
648 508 1055 548 IGNOBILITATE.

531 605 568 634 1.
589 593 829 650 Euripides
847 592 1077 650 Antigona,

194 668 401 710 Paternus
418 666 479 708 illi
498 667 671 709 morbus
689 664 925 723 insipientia
943 673 1028 707 est:

137 738 306 797 Quippe
326 754 379 781 ex
398 737 518 780 malis
536 737 787 795 plerumque
805 745 1060 794 generantur
1079 736 1189 778 mali.

585 822 622 852 2.
645 810 761 851 Idem
779 809 1021 852 Alcmaeone.

193 883 277 925 Fili
297 882 503 935 Creontis,
524 896 653 939 quam
672 890 797 924 vetus
816 881 1020 924 sententia

135 957 217 999 Est
235 972 347 1009 vera,
367 956 496 998 fortes
514 954 723 1013 procreari
741 955 936 1007 fortibus,

136 1030 341 1088 Maloque
359 1030 413 1072 ab
432 1038 529 1072 ortu
547 1027 706 1087 proseri
725 1027 910 1070 sobolem
927 1026 1095 1070 malam.

704 1114 749 1157 3.
772 1102 902 1143 Idem.

195 1177 430 1233 Nunquam
448 1174 494 1217 id
514 1173 669 1217 valebit
686 1173 894 1216 educandi
912 1172 1132 1225 industria,

136 1251 202 1294 Ut
220 1249 296 1308 qui
313 1249 432 1292 malis
450 1256 514 1291 est
530 1248 700 1306 genitus
717 1247 870 1290 evadat
886 1247 1034 1289 bonus.

497 1334 538 1375 4
560 1321 680 1362 Idem
698 1320 885 1362 Hercule
905 1320 1104 1377 Parente.

194 1396 254 1440 Ni
263 1396 381 1454 ‘jacta
397 1402 508 1437 recte
526 1393 662 1452 prima
681 1401 780 1436 sunt
797 1392 1046 1436 fundamina

138 1471 303 1523 Gentis,
322 1468 497 1513 miseriae
515 1476 704 1526 posteros
721 1475 846 1509 certae
864 1474 1046 1508 manent.

621 1553 663 1598 5.
684 1541 803 1583 Idem
821 1541 988 1598 ffictye.

195 1619 334 1670 Quam
351 1631 451 1659 vera
468 1623 589 1658 vetus
607 1622 684 1666 est,
705 1613 814 1672 proh
831 1612 966 1664 dolor,
987 1612 1211 1655 sententia:

138 1692 260 1735 Malo
277 1700 450 1750 parente
468 1704 554 1732 non
573 1687 654 1731 seri
673 1686 858 1730 sobolem
875 1686 1048 1728 bonam!

629 1764 669 1806 6.
687 1762 808 1805 Idem
826 1761 1034 1803 Phoenice.

195 1839 362 1883 Invicta
377 1854 444 1881 res
461 1846 623 1880 natura.
673 1837 765 1879 Nec
782 1835 1006 1893 quisquam
1025 1832 1183 1876 malum

139 1915 255 1956 Bene
274 1911 492 1956 educando
509 1919 646 1954 vertet
663 1910 709 1952 in
727 1924 864 1952 mores
880 1909 1024 1951 bonos.

639 1992 678 2038 7.
700 1983 819 2025 Idem
837 1982 972 2024 Peleo.

197 2057 330 2102 Nulla
346 2057 454 2100 inoer
472 2056 661 2099 homines
680 2064 796 2099 tanta
815 2054 879 2097 vis
898 2052 1100 2111 caliginis,

142 2136 405 2192 Specuumve
423 2132 581 2190 nigror,
602 2147 689 2189 quo
707 2145 832 2174 suum
850 2129 1067 2188 ingenium
1085 2127 1221 2186 clepat

138 2207 216 2250 Vir
233 2222 389 2265 pravus
407 2217 519 2258 ortu,
540 2205 673 2263 sapiat
691 2205 941 2247 immensum
958 2202 1066 2244 licet.

629 2278 667 2320 8.
688 2277 991 2335 fflhmmus.

198 2353 417 2411 Dispere0‚
437 2351 600 2414 quoties
618 2349 877 2393 nobilitatem
897 2347 1109 2405 sanguinis

141 2429 173 2469 J
174 2435 311 2469 actare
329 2424 535 2483 quispiam
555 2423 684 2466 audet
701 2422 789 2464 vita
806 2419 1012 2479 ignobilis.

143 2501 255 2542 Nam
274 2513 408 2541 eaecus
425 2497 530 2555 quid
549 2511 647 2538 cum
666 2494 835 2553 speculo
851 2494 981 2536 habet
998 2490 1256 2535 commercii?

673 2582 712 2624 9.
733 2567 941 2610 Ecdonoe.

200 2642 413 2686 Deformis
431 2658 516 2694 ore,
532 2641 655 2685 vultu
673 2639 944 2690 inominabili,

145 2715 306 2758 Foedus
323 2713 471 2766 videri,
490 2712 631 2754 foedus
650 2727 771 2770 aeque
789 2727 833 2753 es
851 2709 1049 2755 moribus.

145 2790 312 2832 Natura
329 2796 461 2831 mater
480 2802 532 2830 ex
551 2785 662 2830 malo
679 2784 816 2843 gignit
833 2783 1002 2827 malum.

774 2870 848 2910 1²4

1388 283 1470 331 215
