1780 3178
331 257 412 302 192
736 246 931 290 IOANN
936 248 992 290 IS
1025 248 1259 291 STOBAEI

327 350 416 394 Sibi
436 352 676 410 expetiscit;
709 369 806 411 quae
826 353 859 396 si
878 354 1048 397 abunde
1067 370 1280 413 suggera8‚

324 425 498 483 Ubique
518 441 700 483 praesens
719 426 790 469 illa
809 436 852 470 et
870 436 1061 485 spectans
1079 429 1234 481 omnia,

325 498 484 541 satiata
501 499 671 552 obtutu,
693 509 833 544 manet
851 501 1048 544 immunis
1066 502 1302 545 criminum.

324 573 413 616 Viri
433 590 603 632 quoque
622 574 702 632 ipsi
721 590 820 632 quae
838 575 969 618 latent
988 584 1158 634 captant
1177 577 1320 634 magis.

323 649 388 690 At
407 647 482 705 qui
502 663 689 690 serarum
708 648 975 706 vectiumque
993 649 1218 692 obstaculis

323 722 513 764 Uxorem
534 730 685 774 servat,
705 738 849 781 sapere
870 732 919 766 ut
938 723 1132 766 videatur
1151 724 1243 776 sibi,

323 797 490 854 Reapse
509 806 623 839 totus
642 797 792 855 plenus
811 797 1049 856 insipientia
1065 807 1139 841 est.

323 871 434 912 Nam
455 870 488 912 si
509 886 595 927 qua
613 870 743 918 nostri
763 886 888 913 sexus
907 880 1027 914 extra
1044 887 1116 914 cor
1134 871 1292 924 habet,v

323 945 383 986 Et
403 944 486 986 telo
506 953 548 986 et
567 960 706 1002 penna
723 945 845 988 citius
863 945 1104 997 avolaverit,

323 1018 474 1074 Neque
493 1017 607 1059 illam
626 1027 807 1061 asservet
826 1019 972 1061 oculea
990 1019 1102 1077 Argi
1121 1019 1273 1077 vigilia.

321 1092 387 1133 Ita
406 1091 461 1133 ad
480 1092 590 1135 mala
608 1092 688 1134 alia
707 1092 940 1135 ludibrium
960 1102 1022 1136 est
1041 1093 1240 1136 accessio:

319 1166 529 1223 'Uxorque
548 1165 697 1224 virque
716 1166 927 1226 intereunt
945 1167 1226 1226 despicabiles

739 1241 804 1284 28.
827 1241 1047 1298 Sophocles
1066 1242 1245 1284 Acrisio.

379 1314 491 1354 Cum
511 1313 691 1355 maxime
711 1314 764 1356 sit
782 1314 916 1372 virgo,
938 1323 980 1356 et
999 1315 1131 1372 Argis
1150 1315 1276 1367 edita,

320 1389 513 1439 Quarum
532 1387 660 1430 decus
680 1387 813 1440 silere,
835 1388 901 1431 vel
920 1404 1056 1446 pauca
1073 1389 1224 1447 eloqui.

693 1476 759 1520 29.
780 1465 1018 1522 Euripides
1037 1465 1282 1522 Iphigenia.

377 1535 453 1577 Vir
473 1536 590 1578 adest
607 1552 615 1578 :
649 1536 873 1578 tacendum
889 1553 899 1579 z
931 1536 1090 1594 nequid
1107 1553 1312 1580 accersam
1331 1538 1474 1596 probri

321 1611 477 1667 Ignara
496 1619 538 1652 et
556 1626 711 1662 errans,
731 1610 860 1667 inque
879 1626 968 1652 eam
989 1619 1152 1668 partem
1172 1611 1308 1664 cadat,

318 1685 417 1735 Quo
437 1699 521 1726 non
541 1684 594 1726 sit
613 1700 639 1726 a
658 1700 724 1727 me
744 1684 964 1737 destinata,
983 1684 1127 1727 oratio.

320 1758 438 1799 Male
458 1757 726 1800 foeminarum
743 1774 809 1800 res
828 1758 985 1800 habent
1004 1774 1091 1801 sese
1110 1758 1166 1805 ad
1183 1758 1308 1800 viros.

319 1832 451 1873 Bonae
470 1832 699 1889 probaeque
718 1848 814 1874 cum
834 1832 953 1874 malis
971 1833 1206 1890 promiscue

319 1907 543 1948 Habemur
562 1907 671 1949 odio.
724 1908 867 1949 Tanta
886 1923 1010 1949 sexus
1029 1907 1194 1949 miseria
1211 1915 1285 1949 est.

789 1994 858 2038 30.
880 1982 999 2023 Idem
1020 1982 1186 2038 Medea.

376 2054 434 2095 At
453 2054 543 2111 ipsa
561 2069 727 2096 consors
748 2070 1052 2111 usquequaque
1070 2055 1102 2096 J
1104 2053 1233 2104 asofni.

319 2130 374 2172 Id
395 2129 449 2171 ad
469 2129 644 2171 salutem
665 2143 846 2185 namque
866 2135 1124 2169 momentum
1143 2142 1272 2184 grave
1290 2135 1366 2178 est,

316 2193 415 2246 Non
435 2203 634 2246 dissidere
653 2203 883 2260 conjugum
898 2201 1133 2244 sententias.

773 2290 842 2333 31.
865 2277 984 2318 Idem
1002 2276 1192 2333 Phryx-o.

376 2353 509 2394 Recte
527 2351 668 2394 locuta
686 2361 759 2393 est.
811 2352 1007 2408 Namque
1026 2350 1071 2392 id
1091 2364 1266 2392 uxorem
1285 2349 1418 2399 decet,

319 2425 534 2468 Socialiter
554 2425 729 2468 tolerare
747 2425 962 2467 fortunam
976 2424 1066 2466 viri.
