1780 3178
371 266 449 307 108
773 263 1031 307 IOANNIS
1065 263 1303 308 STOBAEI

366 373 415 413 In
435 387 501 413 res
521 372 703 414 minutas
723 371 896 428 perdere
917 372 1072 430 ingenii
1093 373 1220 416 decus
1237 391 1245 415 ε

369 447 451 488 Sed
473 447 546 489 ubi
567 462 729 489 necesse
750 456 811 489 est
832 454 926 489 acre
946 447 1166 490 consilium
1186 448 1298 491 dare.

871 534 944 576 14.-
958 522 1201 579 AEschybus.

427 598 536 638 Sunt
557 610 683 637 onera
703 610 787 637 non
807 592 982 638 ferenda
1000 595 1141 639 felices
1162 597 1272 639 mali.

754 683 818 727 15.
841 670 1063 729 Sephocles
1083 672 1319 730 Antigona.

425 746 523 787 Non
544 753 640 787 ante
660 745 772 787 noris
791 744 908 802 quod
929 745 982 788 sit
1001 745 1216 803 ingenium
1238 746 1344 798 viro,

366 822 463 873 Qua
481 829 633 872 mente,
654 836 740 878 qua
758 820 811 863 sit
830 819 1035 878 praeditus
1055 820 1272 872 sententia,

365 895 423 938 Ni
443 895 628 977 regimen
649 895 765 938 urbis
784 903 912 953 atque
931 895 1074 953 legum
1095 895 1310 953 acceperit.

365 970 478 1012 Nam
498 969 688 1026 quisquis
707 969 823 1011 urbis
841 969 896 1012 ad
915 969 1217 1028 gubernaclum
1241 970 1388 1013 sedens

364 1044 464 1086 Non
485 1058 646 1101 semper
664 1043 794 1086 audet
812 1043 991 1101 pulchra
1010 1043 1181 1086 consilia
1199 1043 1389 1128 aggredi,

365 1116 452 1159 Sed
471 1132 545 1159 ora
563 1116 705 1159 clausa
723 1117 874 1160 retinet
893 1117 1048 1175 ignavo
1067 1125 1199 1170 metu,

366 1192 499 1233 Hunc
519 1191 745 1248 pessimum
766 1207 854 1235 esse
874 1191 1013 1244 credo,
1035 1200 1078 1235 et
1096 1192 1273 1235 antehac
1288 1191 1456 1235 credidi.

366 1266 486 1307 Tum
506 1264 539 1307 si
560 1265 654 1323 quis
674 1265 770 1308 urbi
790 1254 1054 1323 publicisque
1073 1266 1303 1308 commodis

365 1339 546 1382 Praefert
564 1339 759 1391 amicum,
781 1339 939 1382 nullius
959 1340 1083 1398 pretii
1103 1348 1166 1383 est
1185 1340 1300 1383 mihi.

364 1415 462 1472 Ego
481 1413 640 1471 quippe
663 1414 812 1469 (testor
832 1422 984 1457 cuncta
1004 1414 1079 1473 qui
1100 1423 1261 1472 spectat
1280 1416 1310 1458 J
1313 1408 1463 1471 ονεῐῐι)ι

365 1489 525 1530 Tacere
545 1488 962 1545 nequeam‚'noxium
982 1487 1098 1530 virus
1117 1487 1220 1531 meis

368 1562 411 1603 Si
431 1577 509 1619 pro
529 1560 714 1603 remedio
733 1560 895 1603 civibus
915 1576 1081 1604 cernam
1102 1561 1205 1604 dari.

769 1683 1074 1732 TITULUS
1107 1683 1294 1732 XLVI.

380 1786 454 1824 DE
482 1786 850 1831 MAGISTRATU,
880 1786 951 1824 ET
979 1786 1210 1827 QUALEM
1239 1785 1530 1824 OPORTEAT
1557 1784 1683 1823 ESSE

586 1857 709 1895 EUM
737 1856 835 1896 QUI
862 1856 1269 1894 MAGISTRATUM
1297 1856 1477 1894 GERJT.
1581 1859 1589 1863 ’

810 1958 845 1986 1.
867 1945 1106 2002 Eurvspides
1127 1945 1264 2002 Syleo.

420 2019 450 2059 J
455 2017 557 2059 ustis
577 2017 735 2060 amicus
754 2027 797 2060 et
815 2018 950 2070 bonis,
973 2027 1118 2061 contra
1137 2017 1270 2070 malis,

363 2091 537 2148 Ubique
557 2099 663 2148 quot
683 2101 794 2143 sunt,
816 2091 947 2134 hostis
965 2090 1268 2133 infestissimus.

801 2164 981 2218 2.—Idem
1001 2163 1262 2205 Heraclidis.

379 2221 382 2224 Δ
420 2236 525 2288 Quis
545 2244 701 2278 statuat
721 2236 883 2294 aliquid
902 2244 978 2279 aut
996 2237 1105 2279 ferat
1126 2237 1388 2288 sententiam,

362 2310 454 2353 Nisi
468 2311 586 2367 justa
604 2310 735 2368 partis
755 2309 976 2367 utriusque
995 2310 1228 2353 audiverit?

934 2397 975 2440 3.
998 2385 1129 2427 Idem.

420 2459 552 2500 Hunc
572 2457 646 2514 qui
666 2457 897 2500 facinorum
919 2457 1121 2510 conscius,
1143 2472 1219 2499 nec
1237 2455 1402 2514 legibus

363 2530 535 2582 Fidens,
557 2529 611 2572 ad
632 2545 724 2571 aras
742 2529 927 2572 volvitur
947 2529 1126 2587 supplex
1147 2530 1304 2581 Deum,

364 2604 554 2646 Trahere
574 2603 628 2645 ad
649 2603 832 2645 tribunal
853 2603 971 2645 nulla
989 2603 1151 2660 relligio
1171 2602 1288 2644 mihi.

362 2677 482 2719 Mala
503 2692 663 2733 semper
683 2691 854 2733 aequum
874 2677 997 2728 ferre,
1020 2676 1094 2733 qui
1114 2676 1213 2718 fecit
1233 2675 1351 2718 male.

786 2761 826 2800 4.
849 2748 967 2789 Idem
989 2748 1273 2805 Supplicibus.

420 2821 572 2864 Oblata
592 2821 783 2879 quamvis
803 2821 914 2864 dona
933 2821 1161 2864 amicorum
1181 2835 1307 2862 manu
