1838 3276
453 300 510 342 30
853 288 1114 330 IOANNIS
1147 289 1385 332 STOBAEI

856 412 899 456 7.
919 402 1140 460 Sophocles
1158 403 1382 462 Eriphyle.

510 474 653 518 Nescit
671 475 880 518 bonorum
899 485 1047 533 pectus
1066 473 1368 534 elanguescere.

933 551 970 591 8.
994 550 1112 591 Idem
1135 550 1310 593 Creusa.

507 620 591 672 Qui
611 620 761 679 plenus
780 620 907 663 animi
926 621 1062 663 fertur
1081 621 1125 662 in
1145 622 1394 679 periculum,

450 694 567 737 Huic
586 694 731 753 lingua
750 703 924 748 constat,
946 710 1147 753 mensque
1167 711 1251 738 non
1270 696 1521 754 percellitur.

866 783 906 826 9.
926 770 1163 828 Euripides
1182 770 1380 812 Hercule.

504 842 676 884 Durum
696 851 759 885 est
779 843 916 885 necari
936 851 980 886 et
999 843 1130 896 triste,
1153 843 1226 886 sed
1245 843 1328 887 fert
1346 844 1522 902 gloriam
1539 861 1549 887 ε

445 916 509 958 At
529 915 615 958 vita
634 931 700 958 res
719 924 781 958 est
799 915 931 958 facilis
950 924 993 958 et
1011 931 1109 958 cum
1127 916 1297 974 gaudio.

832 1014 839 1024 ι
895 1002 960 1031 10.
982 990 1100 1032 Idem
1117 990 1336 1048 OEdzspode.
1413 1048 1421 1055 ἱ

502 1061 609 1103 Uter
627 1061 692 1103 vir
711 1060 796 1104 utri
815 1069 1002 1119 praestat,
1023 1076 1078 1104 an
1096 1061 1284 1120 prudens
1303 1061 1433 1116 simul¹

442 1135 738 1193 Timidusque‚
760 1151 814 1178 an
833 1135 975 1178 audax
995 1145 1038 1178 et
1056 1151 1200 1179 carens
1218 1135 1469 1194 prudentia?

442 1211 551 1252 Haec
569 1217 632 1252 est
650 1209 784 1253 ferina
801 1209 901 1261 vita,
924 1209 997 1251 sed
1017 1209 1171 1252 vindex
1191 1208 1314 1251 mali:

440 1283 650 1326 Placidior
668 1282 761 1325 illa:
793 1268 943 1325 neutra
963 1282 1036 1325 sed
1055 1282 1158 1325 vitio
1177 1291 1301 1325 caret.

715 1370 779 1398 11.
802 1357 1032 1414 AEsckylue
1053 1357 1221 1414 Septem
1239 1357 1299 1399 ad
1322 1357 1498 1400 Thebas.

497 1431 666 1487 Septem
685 1428 841 1471 feroces
861 1428 1074 1486 copiarum
1094 1428 1303 1487 principes
1531 1415 1539 1428 ⁸

438 1504 644 1561 Nigrante
664 1503 770 1546 scuti
789 1503 833 1545 in
851 1504 953 1546 orbe
972 1511 1200 1546 mactantes
1218 1503 1384 1555 bovem,

436 1580 637 1635 Fusoque
657 1578 767 1621 tauri
789 1578 992 1636 sanguine
1011 1577 1164 1620 imbuti
1183 1593 1346 1630 manus,

435 1653 706 1710 Martemque
726 1645 1028 1709 Bellonamque
1047 1661 1090 1694 et
1109 1651 1311 1695 immitem
1332 1652 1499 1694 Metum

432 1726 464 1767 J
467 1733 604 1778 urant,
622 1724 688 1767 vel
709 1725 813 1768 urbe
832 1724 974 1786 diruta
991 1724 1192 1768 radicitus

433 1797 620 1840 Cadmea
638 1813 726 1841 sese
743 1798 983 1856 perdituros
1001 1799 1169 1852 moenia‚

341 1905 345 1908 .
432 1871 520 1913 Sua
538 1871 604 1913 vel
623 1871 735 1929 ipsos
754 1871 867 1914 caede
885 1872 1072 1930 picturos
1090 1873 1281 1915 humum.

431 1946 701 2004 Currumque
721 1946 897 1989 Adrasti
916 1946 1118 2001 collocant
1137 1956 1310 2005 propter
1329 1947 1394 1990 sui

428 2019 680 2062 Parentibus
699 2028 983 2072 monumenta,
1005 2020 1212 2079 tingentes
1228 2036 1357 2079 genas

429 2091 691 2150 Lachrymis‚
709 2092 782 2135 sed
800 2109 872 2136 ore
890 2093 1006 2136 triste
1026 2102 1076 2136 ut
1095 2091 1227 2137 exiret
1241 2094 1358 2136 nihil.

359 2215 367 2220 ἱ
426 2166 539 2207 Nam
558 2156 741 2208 ferreum
759 2182 845 2219 cor,
867 2168 1011 2209 Marte
1029 2182 1106 2210 ceu
1126 2167 1215 2210 viso
1233 2167 1385 2219 calens,

426 2239 621 2297 Spirabat
641 2240 915 2299 implacabile,
938 2249 987 2283 ut
1007 2249 1152 2283 torvus
1170 2239 1247 2283 leo.

424 2312 485 2354 Et
498 2312 588 2369 jam
607 2311 814 2355 minarum
835 2326 919 2354 non
939 2310 1056 2354 abest
1075 2311 1200 2369 longe
1218 2311 1333 2355 fides.

424 2384 560 2427 Modo
580 2401 649 2427 eos
667 2385 817 2442 reliqui
838 2385 1019 2427 sortibus
1037 2400 1135 2427 cum
1155 2395 1391 2442 quaererent

422 2459 559 2510 Quam
579 2458 758 2516 quisque
776 2467 941 2516 portam
960 2467 1122 2516 peteret
1140 2459 1292 2502 infesto
1310 2460 1487 2518 agmine.

893 2544 956 2576 12.
979 2532 1277 2575 Mimnermus.
1372 2519 1375 2521 ¹

419 2603 503 2646 Vix
522 2619 616 2662 eg0,
636 2604 710 2661 qui
730 2603 885 2657 videre,
906 2605 1009 2647 meis
1027 2604 1285 2662 genitoribus
1304 2606 1438 2669 ausim

478 2676 675 2729 Credere,
695 2676 737 2719 vi
758 2686 917 2735 quanta
934 2678 1094 2721 roboris
1112 2686 1241 2736 atque
1260 2678 1387 2721 animi

419 2750 600 2791 Hastam
620 2751 859 2794 concutiens
877 2767 953 2810 per
974 2751 1100 2795 valles
1119 2751 1260 2794 divitis
1281 2753 1433 2795 Hermi

477 2823 700 2882 Lydorum
720 2825 870 2870 densos
888 2825 1109 2884 egerit'ille
1128 2826 1300 2884 equites.
