1838 3276
473 348 531 403 36
885 343 1140 386 IOANNIS
1173 342 1407 385 STOBAEI

475 461 594 502 Dans
613 459 713 502 recti
733 458 925 502 consulta
944 459 1091 501 animi:
1123 467 1311 509 ventosa,
1332 457 1522 515 profana,

476 532 766 575 conscelerata
786 533 931 590 procul
953 532 1104 574 nostris
1122 548 1148 574 a
1166 532 1364 574 cordibus
1383 546 1539 573 arcens.

913 606 1130 648 Hesiodus
1153 606 1372 663 Operibus.

533 683 563 722 J
568 681 712 723 ustitia
730 690 792 722 est
811 680 945 738 virgo,
968 679 1129 722 soboles
1148 679 1179 721 J
1181 678 1271 721 ovis
1290 677 1562 729 altitonantis,

476 755 615 805 Quam
638 755 698 795 Di
718 752 951 810 suspiciunt
970 752 1148 795 caelestia
1169 751 1327 809 templa
1344 750 1536 794 colentes.

477 828 654 870 Laeserit
672 828 779 870 hanc
799 827 950 884 aliquis
970 826 1194 869 deflectens
1212 826 1378 869 tramite
1398 834 1525 876 recto,

476 901 553 943 Illa
574 901 719 943 sedens
739 901 887 942 solium
903 901 1032 958 juxta
1051 900 1228 942 sublime
1246 899 1430 957 parentis

479 975 609 1016 Facta
628 974 844 1015 hominum
866 982 1007 1015 narrat
1026 972 1226 1024 crudelia,
1248 988 1324 1015 nec
1344 981 1452 1015 tacet
1471 981 1568 1015 ante

478 1048 642 1090 Pendat
661 1062 789 1104 quam
810 1047 995 1105 populus
1016 1048 1186 1104 Regum
1206 1062 1285 1104 pro
1303 1046 1475 1088 crimine
1493 1061 1652 1103 poenas,

477 1121 671 1178 obliquis
692 1121 765 1177 qui
781 1120 881 1177 jura
899 1130 1049 1177 parant
1067 1120 1273 1162 invertere
1292 1118 1424 1162 dictis.

941 1195 1059 1236 Idem
1086 1194 1345 1252 mog-onia.

534 1267 678 1310 Altera
696 1267 759 1309 fas
779 1267 928 1324 magni·
939 1268 1094 1325 conjux
1115 1268 1147 1309 J
1148 1267 1238 1309 ovis
1257 1266 1389 1309 edidit
1407 1266 1480 1309 olli

475 1342 506 1382 J
511 1340 708 1391 ustitiam,
731 1341 976 1398 Legemque
995 1341 1163 1392 bonam,
1187 1341 1425 1398 Pacemque
1444 1339 1661 1391 virentem,

477 1414 713 1455 Observant
732 1413 950 1455 hominum
970 1413 1087 1471 vigili
1107 1429 1204 1471 quae
1223 1424 1363 1455 mente
1373 1403 1555 1473 labores.

749 1480 956 1529 Incertus.
981 1485 1178 1543 [Anthol.
1202 1487 1293 1530 Pal.
1315 1487 1398 1529 IX.
1419 1488 1542 1545 378.]

476 1559 670 1602 fDicitur
690 1559 732 1601 in
753 1560 906 1602 somnis
925 1560 1077 1603 vidisse
1094 1561 1303 1604 homicida
1325 1561 1511 1619 Serapim
1528 1577 1539 1602 z

536 1633 687 1685 (Forte
706 1632 876 1674 ruinoso
895 1633 1053 1690 pariete
1072 1634 1199 1676 nixus
1217 1643 1306 1677 erat
1318 1636 1349 1690 :)

477 1706 537 1746 Et
557 1704 709 1746 dixisse
729 1705 871 1747 Deus:
907 1707 1043 1763 Surge
1061 1706 1174 1758 hinc,
1195 1707 1412 1759 dormitor,
1433 1707 1587 1765 abique

537 1777 682 1828 Ocius,
702 1786 831 1834 atque
851 1777 967 1819 aliud
987 1793 1129 1835 quaere
1148 1778 1286 1821 cubile
1306 1779 1394 1821 tibi.

477 1850 657 1891 Excitus
676 1849 773 1891 inde
792 1850 883 1911 loco
904 1850 1082 1908 migrat:
1115 1851 1237 1893 simul
1255 1837 1331 1894 ille*
1345 1868 1516 1910 peresus
1591 1841 1593 1843 Ι

534 1922 774 1974 Funditur,·
785 1931 827 1965 et
846 1922 929 1965 late
948 1924 1094 1967 sternit
1110 1924 1290 1967 humum
1308 1926 1456 1983 paries.

477 1995 565 2047 Ille,
587 1996 683 2037 Deo
702 1995 818 2037 cordi
838 2011 935 2038 cum
952 1996 1140 2039 crederet
1159 2013 1251 2040 esse
1266 2007 1474 2050 nocentem

535 2068 726 2112 Prolixas
744 2078 884 2126 grates
904 2079 946 2112 et
966 2086 1081 2114 sacra
1099 2087 1221 2115 mane
1239 2082 1371 2131 parat.

474 2141 597 2183 Tunc
616 2140 675 2183 ait
693 2141 737 2182 in
758 2156 903 2184 somno
921 2158 1089 2186 rursum
1109 2145 1252 2187 Deus.
1285 2147 1405 2210 Ergo
1422 2147 1606 2204 putabas

535 2211 704 2254 Tutelae
724 2221 875 2265 sontes,
894 2213 979 2256 heu
998 2214 1136 2266 miser,
1157 2230 1245 2258 esse
1263 2219 1392 2259 meae?

476 2284 575 2325 Non
595 2292 658 2326 est
676 2283 755 2326 ista
769 2284 895 2337 salus,
915 2286 1026 2328 facili
1046 2286 1162 2344 quod
1182 2297 1316 2331 morte
1335 2298 1535 2347 negatum

534 2356 746 2414 Defungi:
779 2372 883 2400 crux
903 2367 965 2401 est
984 2375 1112 2416 poena
1127 2369 1275 2418 parata
1292 2361 1381 2404 tibi.

755 2430 949 2473 Archias.
973 2430 1173 2487 [Anthol.
1196 2433 1286 2475 Pal.
1307 2434 1391 2476 IX.
1412 2437 1535 2495 339]

476 2507 496 2538 8
509 2500 628 2542 Dum
647 2501 767 2559 niger
784 2501 828 2544 in
847 2503 982 2546 nitido
1001 2520 1151 2548 corvus
1169 2506 1283 2550 volat
1302 2508 1471 2561 aethere,
1490 2509 1598 2553 vidit
1676 2526 1678 2528 ·

534 2573 664 2616 Forte
683 2590 834 2632 nepam
854 2585 976 2620 terrae
996 2593 1166 2637 surgere
1184 2579 1238 2622 de
1256 2580 1430 2638 gremio.

477 2647 696 2703 Rapturus
715 2658 933 2707 properat:
965 2651 1038 2694 sed
1058 2652 1236 2696 humum
1257 2653 1380 2697 simul
1400 2655 1540 2713 attigit
1558 2655 1656 2709 ales,

533 2719 721 2764 Letifero
733 2721 880 2765 caudae
899 2723 1072 2767 verbere
1089 2726 1334 2783 percutitur.

733 2869 747 2892 f
758 2871 858 2904 Refer
869 2874 910 2905 nd
922 2873 1054 2911 Tinx.
1387 2875 1546 2913 ‘Eodem-
