1780 3178
419 227 885 272 FLORILEGIUM.
918 227 1022 269 Trr.
1046 238 1112 283 73.

98 342 314 383 Prostrata
334 338 448 396 turpi
469 335 638 379 sordet
629 351 672 377 ιη
692 349 808 378 coeno
826 349 874 376 ac
894 306 1000 376 situ:

98 414 191 457 At·
181 429 271 472 ipsa
290 426 506 470 nunquam
526 410 626 462 lota,
646 408 765 452 cultu
785 406 1007 466 squallido,

100 485 339 545 Pinguescit
360 484 446 527 alto
464 483 710 527 considens
701 497 744 524 in
766 490 958 525 stercore.

139 563 250 613 'Est‚
271 577 323 604 ex
343 560 527 618 maligna
546 559 674 617 vulpe
693 573 822 616 quam
843 558 965 601 finxit
985 559 1104 600 Deus

100 637 256 692 Sagace
276 643 414 676 mente
433 632 670 691 praeditam,
690 631 814 689 cujus
830 629 934 673 nihil

100 710 209 752 Boni
228 709 378 752 malive
396 708 582 767 praeterit
601 707 809 750 solertiam
826 722 835 747 :

100 779 214 835 Quin
232 782 323 840 ipsa
342 798 442 833 sese,
463 780 590 823 moris
608 779 772 830 alterni,
791 778 945 820 bonam

101 854 347 912 Malamque
366 854 541 912 praebet,
560 852 718 896 blanda
736 860 778 894 et
798 849 1020 893 irritabilis.

159 930 224 970 At
242 942 339 985 quae
356 934 571 984 parentem
593 925 739 968 sedula
757 924 958 982 expressit
977 938 1136 974 canem,

103 1002 269 1045 Audire
288 1001 440 1059 quaerit
459 1001 600 1043 omnia
617 1010 660 1043 et
678 1015 797 1043 nosse
816 998 970 1050 omnia,

103 1078 285 1134 Vagans,
304 1076 515 1127 oberrans,
536 1075 694 1118 lumine
712 1074 923 1125 emissitiO,

105 1149 279 1192 Tollens
297 1149 495 1192 latratum
517 1165 626 1207 saepe
646 1149 735 1191 viso
755 1147 943 1191 nemine:

31 1255 34 1257 Δ
106 1223 231 1266 Illam
250 1239 326 1266 nec
345 1222 442 1265 ullis
459 1222 705 1280 comprimet
723 1221 909 1279 conjunx
930 1219 1071 1271 minis,

108 1300 198 1341 Nec
218 1298 251 1341 si
271 1298 342 1340 ille
360 1297 491 1340 malas
509 1297 665 1341 rudere
681 1294 953 1346 edentaverit,

107 1374 197 1415 Nec
217 1372 251 1415 si
268 1372 472 1430 benignos
492 1370 627 1414 mollis
647 1370 800 1413 affatus
818 1376 960 1427 paret:

106 1447 220 1490 Tum
241 1462 364 1504 saepe,
386 1445 578 1504 quamvis
596 1444 781 1502 hospites
794 1444 923 1501 juxta
942 1442 1103 1491 sedens,

110 1520 347 1564 Inefficaces
363 1520 493 1563 stulta
512 1519 712 1562 clamores
731 1526 886 1560 movet.

166 1596 262 1646 Est,
282 1609 410 1651 quam
431 1595 622 1637 Deorum
641 1592 764 1635 finxit
782 1608 806 1634 e
825 1591 926 1634 limo
945 1606 1096 1633 manus

111 1671 280 1711 Durum
301 1667 451 1710 marito
470 1666 668 1709 taedium:
700 1681 797 1723 quae
816 1664 954 1707 nescia

114 1743 223 1786 Boni
242 1742 426 1800 malique
445 1740 631 1784 desidem
651 1740 781 1783 vitam
802 1738 954 1782 trahit:

113 1819 234 1875 Opus
253 1832 328 1859 nec
348 1815 484 1858 ullum
505 1814 643 1867 docta,
659 1822 813 1872 praeter
832 1812 1045 1855 mandere.

114 1892 205 1934 Nec
224 1904 321 1932 cum
341 1888 512 1946 gelascit
529 1887 700 1930 horrido
719 1886 869 1930 coelum
890 1887 920 1927 J
922 1890 1002 1927 ov‘e

116 1964 272 2007 Saltem
293 1961 478 2019 crepanti
498 1960 708 2018 proximat
729 1959 871 2002 sellam
890 1959 998 2001 foco.

173 2036 289 2079 Mari
308 2043 487 2078 creatam
503 2034 593 2092 jam
613 2032 716 2075 mihi
735 2031 955 2075 considera*
964 2048 974 2072 :

118 2107 255 2154 Modo
272 2111 362 2153 haec
380 2108 549 2152 renidet,
561 2108 659 2151 laeta
676 2122 754 2165 per
773 2114 911 2149 totum
929 2105 1058 2156 diem,

118 2187 183 2228 Ut
202 2183 346 2227 laudet
361 2183 475 2226 illam
495 2180 686 2239 quisquis
704 2181 874 2239 ignotus
897 2178 1025 2230 videt,

119 2261 149 2302 J
152 2267 331 2315 uretque
350 2256 509 2299 nullam
528 2254 730 2312 repperiri
749 2252 963 2295 foeminam

121 2333 210 2374 Aut
229 2330 526 2388 pulchriorem,
546 2336 622 2371 aut
639 2327 857 2371 cultiorem
878 2325 1089 2368 moribus:

123 2403 257 2446 Modo
275 2403 347 2446 illa
365 2418 510 2444 rursus
529 2401 623 2455 visu
642 2411 685 2443 et
703 2399 835 2443 affatu
854 2398 1009 2457 gravis,

123 2479 188 2520 Ut
207 2478 316 2519 ferre
335 2491 458 2518 nemo
475 2474 621 2533 possit,
642 2472 901 2516 horrendum
919 2470 1039 2522 furit,

124 2550 252 2592 Velut
270 2549 383 2592 canis
403 2547 612 2591 succincta
630 2546 867 2589 catulorum
886 2559 1034 2602 grege,

124 2623 291 2665 Infensa
309 2621 482 2672 cunctis,
505 2629 605 2663 trux
624 2621 668 2661 ‘et
687 2611 976 2675 implacabilis,

127 2696 267 2740 Amici
287 2703 330 2737 et
347 2694 479 2736 hostis
497 2693 683 2736 nesciens
702 2690 967 2734 discrimina:

130 2772 194 2813 Ut
214 2783 338 2825 saepe,
358 2766 470 2808 venti
490 2781 588 2808 cum
608 2773 751 2807 tenent
771 2762 996 2812 silentium,

759 2849 840 2887 ³¹4

1350 227 1428 282 183
