1780 3178
439 247 908 293 FLORILEGIUM.
939 246 1044 289 ‘rm
1063 258 1132 302 43.
1373 255 1452 299 103

122 359 321 402 Modicus
339 357 481 409 validi,
500 356 749 414 validusque
769 355 924 398 iterum

122 434 283 477 Modici
303 449 390 476 sese
407 440 613 475 sustentat
630 446 739 488 ope:
812 461 814 463 -

122 507 206 555 Sed
225 523 309 551 non
328 515 504 565 possunt
523 514 682 550 mentes
701 503 882 562 stupidae

123 583 234 624 Tam
253 581 430 640 provida
446 579 561 623 dicta
578 577 731 621 doceri.

524 667 589 710 19.
609 651 846 710 Euripide-5
868 650 1057 692 Hecuba.

180 730 317 772 Totus
335 729 498 772 laborat
517 726 636 770 urbis
653 724 799 768 infelix
820 733 984 781 status„

124 802 327 855 Quotiens
347 802 409 844 vir
428 817 522 844 acer
541 810 584 844 et
602 800 714 843 bono
734 797 882 857 patriae
902 796 1076 840 studens

126 874 245 918 Nihil
263 875 391 918 refert
409 874 572 933 insigne
590 889 679 932 prae
698 871 925 931 pejoribus,

609 958 676 988 20.
698 945 817 987 Idem
837 944 976 987 AEolo.

185 1013 385 1068 Possetne
404 1038 567 1066 summa
586 1030 695 1064 stare
713 1036 794 1072 res,
814 1017 1096 1076 locupletibus

130 1100 174 1143 Si
194 1099 313 1157 plebs
331 1097 500 1141 remotis
517 1111 681 1155 pauper
698 1094 908 1137 habitaret
926 1092 1088 1136 solum?

130 1174 329 1231 Sejuncta
346 1172 497 1215 nolunt
514 1187 541 1213 a
559 1169 679 1212 malis
696 1168 796 1226 poni
814 1168 940 1218 bona„

132 1249 240 1300 Quae
260 1254 491 1304 temperata
508 1242 722 1302 publicam
741 1257 830 1284 rem
847 1242 1106 1299 promovent.

131 1321 259 1374 Quod
276 1321 379 1363 defit
397 1319 527 1377 inopi,
548 1316 718 1376 supplet
735 1316 818 1358 hoc
835 1314 953 1357 dives
971 1322 1142 1355 manus:

133 1395 261 1447 Quod
279 1410 363 1437 non
382 1393 587 1436 habemus
604 1389 769 1441 divites,
788 1388 869 1431 hoc
887 1398 1123 1445 pauperum

133 1469 277 1511 Labor
296 1467 533 1510 ministrans
551 1481 628 1508 nos
645 1464 873 1506 honoratos
891 1461 1002 1504 facit.

255 1544 258 1545 ⁷
572 1551 639 1583 21.
662 1539 781 1588 Idem
801 1537 1036 1594 Antigona.

194 1615 435 1659 Domestica
452 1613 550 1657 odia
567 1612 729 1656 civibus
749 1611 861 1654 nasci
880 1609 1028 1663 solent,

138 1692 249 1734 Cum
270 1690 469 1733 factiones
487 1688 699 1731 civitatem
718 1685 970 1733 distrahunt..

591 1773 657 1806 22.
679 1760 799 1803 Idem
818 1759 1028 1802 Alcmena.

198 1840 286 1881 Rae
303 1846 368 1880 est
385 1836 546 1895 optima
566 1834 718 1878 veritas

139 1914 171 1955 J
176 1911 256 1955 usti
274 1911 319 1953 in
338 1910 536 1969 principis
550 1909 667 1952 urbe.

610 1996 677 2040 23.
699 1981 950 2024 Menmuier.

200 2061 276 2103 Vir
295 2059 469 2118 probus,
488 2058 685 2114 idemque
704 2054 821 2106 felix,
841 2052 1059 2111 publicum
1079 2060 1142 2093 est
1159 2051 1331 2093 bonum.
1420 2053 1424 2057 ’

701 2139 767 2181 24.
790 2127 920 2169 Idem.

204 2205 383 2250 Honesti
403 2205 510 2248 ratio
529 2204 626 2262 plus
644 2203 736 2262 lege
755 2201 968 2243 interdum·
987 2199 1108 2242 valet.

652 2288 718 2331 25.
741 2274 974 2332 Sophocles.

204 2363 224 2392 g
237 2354 325 2395 Res
343 2361 406 2394 est
424 2352 599 2394 honesta
618 2347 775 2408 patrias
793 2346 906 2405 leges
926 2346 1057 2404 sequi.

701 2422 776 2465 26.
797 2421 927 2463 Idem.

209 2502 430 2543 Summum
449 2497 655 2540 malorum
674 2505 738 2539 est
745 2494 940 2553 ‘populus
958 2492 1178 2551 impatiens
1197 2492 1296 2549 regi.

643 2580 710 2626 27.
731 2569 988 2613 Heniochus.

210 2647 240 2687 J
243 2661 310 2688 am
330 2645 590 2703 singularum
611 2658 762 2687 nomen
781 2656 1023 2700 expromam
1043 2640 1118 2683 tibi
1136 2657 1144 2681 :

643 2809 657 2829 ⁸
673 2802 770 2834 Refer
784 2801 826 2832 ad
842 2799 911 2831 Tit.
927 2799 1046 2830 xmv.

788 2874 819 2901 n
839 2873 868 2911 4
