1780 3178
461 246 931 291 FLoanEGmM.
962 247 1070 291 Tu.
1091 249 1159 303 64.
1394 258 1473 305 157

143 354 394 410 Quanquam
415 352 547 395 teneri
565 351 784 399 commode
802 352 998 396 manibus
1010 353 1172 412 nequit.

143 426 212 470 Sic
231 436 358 469 aestus
375 425 488 468 idem
507 425 668 468 saucios
685 425 898 469 amoribus

143 500 271 560 Cogit
289 500 467 544 vicissim
485 515 677 558 pergere,
695 508 740 543 et
757 499 968 546 desistere.

647 586 712 627 14.
733 574 976 617 phanocles.

143 647 333 700 Qualiter
352 647 507 706 OEagri
525 647 688 692 soboles
705 646 984 706 Rhodopeius
1002 647 1201 705 Orpheus

202 721 366 764 Dilexit
385 721 532 765 Calain
551 730 672 780 patre
690 729 829 764 satum
847 722 996 764 Borea.

144 797 219 840 Ah
239 812 370 854 quam
390 812 501 854 saepe
520 811 618 840 suos
636 794 750 838 silvis
767 794 964 837 cantabat
981 808 1156 845 amores,

201 869 451 928 Tranquillo
468 884 687 927 nunquam
705 867 961 926 conspiciens
978 867 1119 910 animo

146 944 397 986 Formosum
417 942 577 986 Calain.
619 942 688 985 Sic
705 941 864 999 percita
881 940 1154 988 vastabantur

204 1019 382 1060 Pectora
399 1017 614 1075 perpetuis
633 1015 993 1060 sollicitudinibus.

147 1090 264 1133 Hinc
283 1090 548 1133 circumfusae
566 1089 718 1148 gladiis
730 1089 973 1132 crudelibus
990 1088 1110 1132 illum

203 1163 406 1206 Occidere
423 1178 572 1215 nurus,
589 1177 694 1220 gens
711 1162 836 1214 mala,
855 1161 1082 1204 Bistoniae:

148 1238 314 1295 Nempe
334 1236 451 1295 quod
469 1236 632 1280 Edonis
649 1235 832 1294 pueriles
850 1235 1012 1293 primus
1029 1250 1190 1277 amores

207 1314 499 1363 Monstrasset,
518 1311 687 1369 fugiens
704 1309 950 1353 foemineum
968 1324 1092 1352 omne
1111 1325 1240 1351 secus.

149 1387 267 1445 Ergo
285 1395 450 1429 metunt
469 1386 641 1429 doctum
660 1385 773 1428 ferro
789 1392 933 1442 caput,
953 1394 996 1426 et
1014 1391 1143 1441 caput
1160 1383 1300 1442 ipsum

208 1461 264 1502 In
283 1475 398 1502 mare
416 1459 644 1518 projiciunt
662 1458 1006 1515 dulcisonamque
1024 1456 1166 1508 fidem,

151 1533 286 1576 Clavo
299 1533 386 1574 fixa
403 1531 527 1575 simul
547 1532 758 1575 ferrentur
777 1539 826 1573 ut
844 1530 966 1582 illud,
987 1539 1030 1572 et
1048 1529 1135 1581 illa,
1176 1560 1180 1582 :

211 1609 309 1659 Qua
327 1615 492 1664 raperet
509 1621 614 1648 cano
630 1605 801 1663 gurgite
818 1604 882 1647 vis
895 1603 1055 1662 pelagi:

153 1682 262 1733 Quae
280 1680 384 1723 dum
403 1679 558 1722 fluctus
577 1678 666 1737 agit
685 1687 845 1721 sacrata
861 1677 917 1720 ad
936 1677 1080 1720 littora
1098 1678 1243 1730 Lesbi,

212 1757 304 1798 Ceu
323 1755 433 1797 foret
451 1763 603 1811 arguto
621 1753 772 1811 pollice
789 1737 1079 1810 mota‘chelys,

155 1830 292 1871 Omne
306 1843 420 1870 mare
433 1836 563 1885 atque
575 1826 710 1870 omnis
725 1835 845 1869 sonat
857 1824 1008 1868 insula.
1038 1826 1157 1867 Tum
1170 1835 1300 1883 caput
1314 1827 1475 1885 Orphei

212 1903 261 1944 In
283 1901 529 1959 Mitylenaea
548 1900 827 1958 consepelitur
844 1899 1000 1942 humo:

155 1979 254 2021 Una
273 1977 397 2020 etiam
418 1975 628 2018 tumulata
645 1974 764 2026 fides,
783 1989 882 2032 quae
901 1989 1001 2016 saxa
1017 1987 1183 2014 movere

214 2053 416 2102 Noverat,
437 2058 480 2092 et
499 2048 652 2092 Phorci
673 2047 791 2091 triste
809 2045 993 2090 sonantis
1012 2060 1178 2102 aquam.

156 2127 228 2168 Ex
248 2125 321 2168 illo
339 2124 510 2168 citharae
529 2122 742 2166 celebrant
752 2130 802 2167 ,et
820 2119 1013 2164 carmina-
1025 2119 1238 2162 Lesbum:

216 2197 456 2244 Insulanec
476 2196 625 2254 pelago
643 2195 805 2238 doctior
823 2193 911 2236 ulla
927 2201 1059 2235 natat.

158 2271 376 2314 Foeminea
394 2279 438 2312 at
456 2278 681 2327 postquam
699 2266 885 2308 Thraces
903 2263 1090 2307 crudelia
1107 2264 1220 2307 facta

216 2344 469 2395 Audieram,
491 2342 606 2385 miris
624 2340 840 2384 indoluere
857 2338 1014 2382 modis:

159 2421 433 2476 corporaque
452 2429 634 2461 uxorum
652 2414 765 2456 ferro
781 2420 1035 2470 compuncta
1047 2420 1261 2462 notarunt,

219 2492 286 2533 Ne
304 2498 473 2548 possent
491 2486 654 2529 sceleris
671 2501 755 2528 non
774 2484 1009 2527 meminisse
1027 2484 1104 2527 sui.

162 2565 262 2608 Mos
281 2571 435 2613 manet,
454 2570 497 2604 et
517 2560 713 2602 Thressae
731 2568 828 2617 post
847 2568 911 2602 tot
929 2573 1101 2616 quoque
1119 2558 1240 2602 saecla
1259 2569 1414 2603 notatae

221 2636 392 2694 Orphea
411 2634 603 2692 pendunt
620 2648 698 2691 pro
716 2649 816 2676 nece
835 2632 1098 2690 supplicium.

565 2718 632 2764 15.
652 2708 893 2751 Menander
911 2708 1092 2750 Andria.

451 2784 588 2825 Amor
606 2781 787 2824 offundit
808 2780 1001 2822 omnibus
