1780 3178
312 283 393 329 172
502 295 504 298 ·
708 271 970 315 IOANNIS
1003 271 1248 315 STOBAEI

307 380 445 431 Quam
466 379 600 421 durus
619 378 768 422 habuit
787 394 922 437 usque
940 378 1060 422 labor
1077 378 1330 422 exercitam..

306 454 442 513 Stirps
461 455 534 498 illa
552 455 712 513 quippe
732 454 914 512 egregia,
935 454 1004 497 cui
1022 454 1217 512 geminus
1235 457 1386 512 parens

304 531 458 574 Vixere
478 531 582 589 legis
602 531 682 574 sub
703 545 857 573 severae
877 528 1035 587 regula.

819 616 856 659 7.
879 604 1133 646 Menander.

360 678 446 731 Qui
466 693 642 721 uxorem
660 678 792 730 ducit,
813 677 966 719 horum
988 686 1146 735 spectet
1165 676 1362 728 alterum,

302 755 399 796 Aut
418 752 638 810 pulchram
658 751 835 809 speciem
856 760 931 794 aut
950 766 1085 794 mores
1105 749 1430 810 morigerabiles,

304 825 522 868 Alimenta
541 834 692 868 mutua
709 824 923 867 charitatis
941 824 1168 867 benevolae.

717 899 754 941 8.
777 898 996 940 Hesiodus
1020 898 1239 955 Operibus.
1262 909 1266 910 ⁷

361 975 514 1025 Quaere
531 980 626 1015 toro
644 972 857 1024 intactam,
877 971 1064 1029 pulchris
1082 987 1211 1029 quam
1232 970 1419 1014 moribus
1438 984 1581 1012 ornes:

304 1047 402 1089 Neu
422 1046 475 1089 sit
494 1045 591 1088 laeta
610 1054 685 1088 tua
704 1045 854 1088 vicinia
874 1044 982 1096 labe,
1004 1054 1161 1087 caveto.

822 1134 861 1176 9.
885 1119 1120 1178 Theognis.

305 1191 513 1235 Nobilitas
531 1191 656 1234 asinis
675 1201 717 1234 et
736 1191 855 1249 equis
875 1191 1019 1244 simul.
1034 1191 1319 1248 arietibusque

361 1266 450 1308 Dat
469 1265 675 1323 pretium:
708 1280 784 1307 nec
802 1265 856 1307 de
876 1265 1031 1307 semine
1050 1264 1247 1323 degeneri

302 1338 557 1382 Admissura
575 1336 723 1396 placet.
777 1338 860 1381 Sed
881 1354 1023 1396 pravae
1043 1354 1066 1380 e
1087 1338 1290 1396 sanguine
1308 1353 1452 1396 pravi),

364 1412 407 1455 Si
427 1412 504 1455 dos
524 1412 590 1465 sit,
611 1422 766 1470 praesto
784 1421 847 1454 est
865 1412 1025 1470 optima
1043 1411 1237 1454 conditio.

704 1498 767 1527 10.
788 1485 1026 1542 Euripides
1047 1485 1245 1543 Antiopa.

707 1561 868 1602 Moneo
887 1574 1000 1601 nunc
1020 1574 1164 1602 omnes
1184 1560 1328 1611 semel,

304 1635 369 1676 Ut
387 1648 439 1675 ex
456 1633 634 1676 honesto
652 1648 804 1690 genere
822 1631 1066 1689 progeniem
1087 1640 1236 1673 serant.

305 1706 405 1749 Non
425 1706 496 1749 illa
515 1706 674 1765 quippe
688 1721 851 1764 semper
870 1704 1016 1747 infelix
1032 1704 1123 1747 erit.

708 1922 1014 1971 TITULUS
1050 1922 1239 1971 LXXI.

435 2040 495 2079 IN
524 2039 743 2077 NUPTIIS
773 2024 1088 2081 UTRmSQUE
1117 2040 1360 2080 AETATEM
1387 2041 1514 2080 ESSE

787 2109 1160 2147 SPECTANDAM.

710 2225 749 2254 1.
767 2211 1004 2269 Euripides
1024 2212 1235 2255 Phoenice.

361 2290 450 2330 Res
469 2287 638 2330 senibus
657 2286 899 2343 importuna
917 2285 1243 2338 matrimonium,

302 2365 365 2405 Et
385 2362 501 2404 triste
520 2370 640 2404 natos
659 2360 804 2404 tollere
823 2368 947 2403 aetate
966 2361 1010 2402 in
1029 2360 1161 2403 mala:

302 2435 401 2480 Seni
420 2434 570 2478 marito
589 2435 747 2493 quippe
766 2442 958 2478 matrona
975 2433 1167 2491 imperat.
1241 2489 1251 2492 ⁶

821 2520 858 2552 2.
887 2507 1118 2566 Theognis.

299 2582 578 2641 Tempe-stiva
596 2582 682 2624 seni
702 2582 903 2640 primaevo
922 2581 1024 2624 flore
1043 2580 1185 2639 puella

359 2658 459 2698 Non
479 2664 556 2710 est,
577 2671 653 2699 nec
672 2655 804 2707 clavo,
825 2671 902 2697 ceu
922 2655 1037 2707 ratis,
1058 2663 1158 2712 apta
1176 2654 1263 2711 regi
1279 2671 1288 2696 z
1343 2653 1346 2656 ⁴

300 2729 505 2773 Anchora
523 2745 607 2772 non
626 2729 738 2772 illam
760 2738 921 2772 teneat:
954 2729 1026 2771 sed
1046 2729 1148 2770 fune
1168 2728 1306 2771 soluto

359 2804 495 2846 Nocte
514 2803 626 2846 illam
647 2804 770 2847 statio
790 2818 873 2846 non
894 2811 967 2846 tua
987 2802 1192 2859 suscipiet.
