1780 3178
439 269 909 314 FLORILEGIUM.
943 270 1049 312 Trr.
1075 282 1168 324 114.
1407 277 1489 323 279

142 385 355 444 vegetum
375 384 596 438 valentem,
616 385 684 427 Ne
704 393 790 427 tam
809 392 852 426 oe
870 383 1025 427 habeas
1042 382 1237 434 molliter,

143 460 202 505 Et
220 460 422 518 castigare
441 458 629 518 pugilem
648 473 747 502 cum
767 474 795 500 a
811 472 960 516 pugna
976 474 1118 500 vaces:

142 535 209 576 At
227 533 365 592 ipsum
386 532 631 591 depugnare
650 546 735 574 non
754 546 877 588 aeque
895 540 959 574 est
976 530 1113 574 facul:

142 606 279 649 Aliud
298 605 497 649 disserere
516 615 593 658 est,
614 605 732 648 aliud
751 620 841 648 rem
860 605 1090 648 sentiscere.

565 765 868 814 TITULUS
902 764 1085 813 CXIV.

141 891 175 930 F
174 891 388 930 ACILIUS
400 891 527 929 ESSE
543 891 721 930 ALIUM
732 890 1043 931 ADMONERE
1057 889 1216 932 QUAM
1229 889 1290 928 SE
1303 889 1483 928 IPSUM.

590 995 630 1024 ι.
652 982 872 1025 Philemon
892 983 1049 1026 Simalo.
1354 954 1358 958 ⁴

198 1055 246 1096 A
265 1053 436 1096 medicis
455 1062 753 1111 argumentum
773 1062 836 1095 est
854 1053 898 1095 in
918 1062 1119 1112 promptu
1140 1053 1283 1106 situm,

146 1129 366 1186 Praecepta
382 1127 525 1170 videas
544 1143 651 1185 quos
670 1126 772 1169 dare
790 1126 1073 1169 invalentibus

144 1201 292 1244 Victus
311 1201 457 1253 severi,
473 1210 518 1243 at
532 1199 616 1258 ipsi
633 1199 666 1242 si
685 1199 730 1241 in
748 1199 897 1242 morbo
914 1199 1086 1251 cubent,

145 1274 308 1317 Eadem
328 1273 401 1316 illa
418 1274 555 1317 facere
572 1282 671 1332 quae
688 1273 779 1317 aliis
797 1273 1110 1316 interdixerant.

146 1349 286 1392 Credo
306 1364 392 1391 una
410 1348 562 1391 nolunt
580 1347 702 1390 dolor
721 1362 809 1390 esse
828 1356 871 1389 et
889 1347 1062 1393 curatio.

587 1433 625 1466 2.
646 1421 766 1464 Idem
786 1421 1047 1463 Subseesore.

203 1495 433 1539 Consulere
452 1494 574 1537 facile
593 1503 678 1536 est:
710 1493 834 1537 facile
850 1509 936 1537 non
950 1503 1014 1537 est
1031 1493 1215 1551 exsequi.

546 1580 588 1623 3.
610 1567 850 1625 Euripide-1
869 1567 1080 1615 Alc-mem.

203 1641 352 1684 Aliena
370 1641 511 1686 cuncti
530 1640 685 1684 rectius
701 1640 839 1685 multo
858 1640 992 1684 solent

146 1715 392 1774 Dijudicare
411 1730 539 1773 quam
559 1731 636 1758 sua
654 1715 843 1773 ipsorum
861 1714 983 1758 mala.

607 1803 650 1844 4⁴

204 1865 413 1908 Venerare
432 1865 552 1908 divos
571 1881 624 1909 ne
644 1866 698 1908 sit
716 1859 824 1923 ejus„
845 1864 1077 1916 Phaedime‚

149 1938 253 1981 Tibi
271 1939 475 1997 periclum
495 1939 646 1991 facere,
665 1948 710 1983 et
729 1954 753 1981 e
770 1954 817 1983 re
837 1938 1024 1981 disceres

149 2012 334 2056 Consilia
352 2022 512 2070 quanto
532 2012 681 2054 demus
699 2012 791 2054 aliis
808 2011 983 2054 facilius.

681 2099 722 2143 5.
746 2088 953 2129 Incerbus.

207 2159 392 2203 Facilius
411 2169 474 2202 est
493 2158 709 2202 consulere
727 2174 858 2217 quam
876 2159 983 2202 bene
1003 2159 1176 2216 perpeti.

604 2234 644 2275 6.
666 2232 889 2290 Sophocles
911 2232 1038 2274 osteo.

207 2306 465 2363 Plerumque
480 2320 633 2363 magna
652 2304 853 2362 praeditos
870 2303 1072 2361 sapientia
1157 2332 1163 2338 ·

152 2379 280 2422 Tales
298 2379 478 2437 reperias
498 2378 576 2421 iste
595 2394 639 2421 se
658 2377 827 2435 qualem
849 2376 970 2434 gerit.

152 2453 338 2496 Consilia
353 2453 461 2495 bene
480 2452 584 2494 dant
602 2452 731 2494 rebus
749 2451 926 2493 aliorum
942 2449 1083 2492 malis:

152 2529 211 2570 At
231 2527 304 2569 ubi
322 2526 425 2568 levis
443 2526 614 2569 fortuna
632 2533 797 2568 mutato
815 2524 977 2582 impetu

155 2601 329 2644 Crudeli
347 2601 390 2643 in
410 2601 522 2658 ipsos
542 2601 713 2644 verbere
732 2599 997 2651 intonaverit,

155 2675 224 2717 Ibi
243 2675 315 2717 1118
332 2684 483 2717 cuncta
501 2674 679 2732 pulchra¹
697 2682 907 2732 praecepta
925 2672 1136 2715 excidunt.

533 2759 573 2803 7.
595 2748 832 2805 Euripidis
849 2747 1106 2789 Alexandra

215 2821 265 2862 A.
289 2820 405 2863 Scio:
439 2820 511 2863 sed
531 2820 694 2863 dolores
712 2829 900 2877 tempore
918 2818 1073 2876 inflecti
1091 2817 1225 2860 decet.

790 2906 867 2945 14
