1780 3178
324 313 409 358 254
728 299 991 343 IOANNIS
1024 299 1269 342 STOBAEI

885 426 950 466 14.
969 414 1099 455 Idem.

381 488 505 531 Foris
523 487 635 530 beati
654 487 729 544 qui
748 502 968 544 personam
988 486 1192 530 sustinent

325 563 510 605 Interius
531 561 682 604 similes
701 570 800 604 sunt
817 560 1058 603 hominibus
1077 561 1247 604 caeteris.

851 647 919 691 15.
940 635 1144 677 Philetas.

325 709 441 752 Hinc
461 708 611 751 tellure
630 723 763 765 vagus
781 707 894 750 feror
913 716 956 751 et
973 707 1087 750 feror
1106 707 1286 766 aequoris
1305 707 1434 760 unda,

382 785 608 826 Annorum
628 791 733 840 quot
753 791 851 824 sunt
870 797 896 824 a
915 783 1026 825 Jove
1044 782 1276 825 curricula:

326 859 418 900 Nec
437 858 526 899 fera
543 858 678 899 Parca
694 856 815 899 malis
833 857 958 899 finem
979 857 1091 900 facit.
1142 856 1220 899 Illa
1237 871 1420 915 perenne

381 933 566 983 Durant,
587 939 715 988 atque
733 930 814 973 illis
835 946 877 972 se
896 946 1007 973 nova
1025 930 1348 988 conglomerant.

847 1005 911 1047 16.
933 1005 1152 1063 Diphilus.

382 1079 587 1130 Fortuna,
609 1086 658 1120 ut
677 1078 982 1136 cyathissatrix‚
1003 1094 1090 1121 uno
1109 1093 1188 1136 pro
1205 1078 1317 1120 bono

324 1153 580 1196 Mortalibus
599 1153 679 1196 tria
697 1168 844 1195 rursus
864 1153 1064 1196 admiscet
1082 1152 1203 1195 mala.

789 1369 1057 1445 TITULU
1060 1370 1094 1418 S
1124 1369 1228 1419 CV.

350 1500 686 1543 INSTABILEM
714 1499 841 1537 ESSE
871 1500 1148 1539 HOMINUM
1177 1500 1641 1545 PROSPERITATEM,

547 1572 738 1611 FACILE
768 1571 1143 1610 DEVERGENTE
1170 1572 1439 1610 FORTUNA.

763 1680 797 1708 1.
821 1666 1059 1723 Euripides
1079 1667 1224 1708 Inone.

383 1743 511 1786 Vides
531 1751 730 1800 tyrannos
749 1740 876 1798 longa
894 1755 1002 1798 quos
1020 1740 1128 1782 fovit
1146 1740 1235 1782 dies
1279 1749 1283 1753 '

323 1819 389 1860 Ut
410 1833 519 1874 saepe
538 1832 603 1859 res
622 1815 776 1873 exigua
794 1824 1006 1857 momento
1025 1815 1143 1857 brevi

323 1891 549 1941 Deturbet‚
570 1888 671 1931 aiios
690 1904 835 1930 rursus
853 1887 897 1930 in
917 1887 1073 1930 celsum
1092 1886 1212 1930 levet.

323 1966 514 2006 Pennata
532 1979 597 2006 res
616 1964 796 2006 fortuna.
848 1964 880 2005 J
881 1979 949 2005 am
969 1962 1125 2005 multos
1144 1978 1223 2020 ego

323 2038 422 2081 Vidi
443 2037 613 2096 supinos
632 2053 704 2095 spe
722 2037 870 2095 procul
889 2037 1001 2080 volvi
1022 2052 1109 2080 sua.

641 2123 681 2153 2.
704 2112 944 2168 Dionysius
969 2112 1205 2168 Tyrwnnus
1225 2111 1352 2153 Leda.

381 2185 610 2228 Hominem
628 2184 800 2226 beatum
820 2183 975 2226 dixeris
994 2199 1236 2242 quenquam
1256 2200 1370 2235 cave,

323 2258 416 2301 Nisi
431 2259 520 2315 jam
539 2257 664 2300 beato
682 2257 932 2299 collocatum
951 2258 1111 2300 funere.

323 2332 521 2375 Laudare
541 2342 707 2374 tantum
725 2339 914 2373 mortuos
933 2339 1028 2373 tuto
1047 2330 1185 2373 datur.

714 2417 754 2460 3.
777 2404 998 2460 SophOcles
1023 2404 1264 2460 Tyndareo.

380 2477 642 2520 Celebranda
660 2476 784 2518 laude
804 2476 962 2519 nullius
979 2476 1153 2519 felicitas

322 2550 533 2602 Hominis,
554 2549 800 2608 priusquam
821 2558 930 2592 sorte
945 2549 1170 2592 defunctus
1185 2565 1260 2591 sua

323 2623 520 2666 Mortalis
539 2623 618 2665 aevi
636 2623 834 2666 terminos
852 2623 1099 2681 impleverit.

323 2699 519 2755 Namque
539 2713 624 2740 una
643 2713 752 2755 saepe
771 2697 1003 2755 quamlibet
1021 2698 1148 2740 celsas
1167 2712 1266 2755 opes

322 2772 372 2813 In
392 2771 516 2828 plana
535 2772 662 2814 traxit
681 2772 799 2824 hora,
819 2786 916 2814 cum
937 2787 979 2814 se
1000 2771 1161 2813 lubrica

325 2846 516 2887 Fortuna
536 2844 680 2897 volvit,
702 2854 829 2903 atque
848 2845 904 2887 sic
925 2845 1061 2887 visum
1083 2846 1192 2887 Deo.
