1780 3178
424 300 885 357 FLORILEGIUM.
918 298 1024 344 Trr.
1051 313 1143 360 105.
1377 313 1460 361 255

589 428 631 469 4.
653 414 801 458 Alma
821 415 1003 458 Brattia.

183 488 249 531 Ita
267 487 354 531 vita
371 488 557 531 humana
574 499 637 531 est
655 489 776 547 quasi
796 489 830 531 si
849 489 973 532 ludas
986 489 1174 550 tesseris:

125 563 226 605 Non
244 563 371 606 habet
389 563 556 606 eodem
577 579 742 622 semper
753 564 894 622 jactus
913 563 1017 617 alea,

125 637 217 679 Nec
235 637 323 680 vita
339 637 542 680 formam:
572 637 710 681 varias
729 638 803 681 sed
820 637 984 696 patitur
1001 638 1123 691 vices.

565 722 607 770 5.
628 713 836 771 Diphilus
851 713 1032 755 Pictore.

186 784 414 842 Inopinum
434 785 599 828 nullum
618 786 745 829 debet
765 802 853 829 esse
871 786 1031 829 homini
1050 786 1224 838 malum,

126 857 318 900 Fortuna
335 858 534 916 quoniam
554 859 674 902 nobis
691 859 736 901 in
755 858 867 902 diem
887 858 1026 901 datur.

638 933 679 975 6.
701 933 956 990 Euripides.

185 1005 286 1047 Non
303 1004 441 1063 placet
458 1005 538 1049 hoc
557 1005 601 1048 in
619 1006 802 1063 primore
821 1005 935 1048 viro:

129 1078 243 1132 Non,
265 1081 575 1138 Agamemnon,
595 1080 651 1123 ad
668 1080 781 1123 bona
799 1089 967 1123 tantum

131 1154 200 1195 Te
219 1153 324 1196 sevit
343 1155 527 1196 Atreus:

132 1226 217 1269 Sed
234 1226 507 1284 gaudendum
526 1236 589 1270 est
606 1236 735 1284 atque
750 1227 979 1269 dolendum
997 1244 1007 1269 ε

131 1300 244 1342 Nam
263 1309 388 1342 natus
406 1300 532 1343 homo
551 1315 616 1343 es:
648 1299 839 1358 nolisque
854 1300 950 1343 licet

132 1373 197 1415 Ita
214 1371 283 1416 lex
302 1373 385 1416 fert
403 1388 556 1431 magna
575 1374 778 1416 Deorum.

647 1457 686 1503 7.
709 1448 964 1491 Simonides.

191 1520 326 1564 lllaesa
340 1521 444 1564 nulli
463 1522 564 1575 vita,
583 1537 661 1566 nec
680 1522 807 1581 culpa
824 1538 989 1566 vacans.

646 1597 685 1639 8.
707 1598 956 1656 Euripides.

192 1671 291 1713 Non
310 1670 435 1713 debet
454 1686 555 1713 usus
572 1672 781 1729 prosperis
801 1671 1058 1715 successibus

137 1741 352 1798 Spondere
370 1751 522 1785 sortem
542 1759 704 1802 semper
722 1744 933 1786 addictam
954 1743 1044 1786 sibi.

136 1815 231 1857 Dea
248 1814 334 1867 illa,
355 1815 437 1859 dici
457 1816 491 1858 si
512 1826 651 1859 tamen
670 1817 734 1860 fas
754 1826 818 1860 est
837 1818 990 1868 Deam,

136 1887 370 1931 Fastidiosa
388 1900 464 1941 est,
484 1904 561 1932 nec
572 1889 694 1947 'fovet
711 1905 955 1947 quenquam
974 1889 1062 1931 diu.

138 1961 387 2004 Mortalium
405 1977 472 2005 res
489 1962 617 2005 fluxa„
668 1963 754 2015 Qui
773 1979 846 2021 spe
865 1963 1026 2021 turgidi

138 2035 305 2077 Futura
323 2034 555 2078 metiuntur
573 2051 597 2078 e
616 2035 907 2093 praesentibus,

139 2109 405 2151 Documenta
421 2107 509 2151 veri
526 2107 716 2152 cladibus
734 2108 900 2166 capient
914 2108 1013 2150 suis.

555 2195 595 2238 9.
617 2181 857 2224 Smides
876 2181 1056 2224 Naeniis.

198 2255 315 2307 Quid
333 2264 511 2298 ventura
527 2263 547 2285 ὃ
560 2255 649 2297 dies
667 2255 846 2298 crastina
865 2255 918 2297 sit
935 2270 1060 2313 parce
1078 2255 1206 2298 homo
1225 2255 1376 2307 dicere,

142 2327 325 2371 Felicem
343 2343 479 2386 neque
499 2328 533 2370 si
551 2328 792 2386 conspicias,
812 2343 866 2370 an
884 2337 1052 2371 maneat
1069 2328 1160 2372 diu.

142 2402 255 2444 Nam
273 2417 358 2444 non
375 2411 462 2444 tam
481 2402 636 2460 rapidis
653 2410 747 2444 acta
764 2401 877 2459 fugit
895 2416 1040 2444 musca
1057 2401 1267 2444 volatibus

143 2477 282 2527 Quam
300 2475 427 2534 lapsae
446 2476 584 2519 subita
602 2491 668 2519 res
684 2476 902 2519 hominum
922 2484 1178 2534 praetereunt
1191 2476 1292 2519 vice.

646 2563 710 2592 ιο.
731 2550 983 2592 Δίεπαπάεν.

202 2621 321 2663 Nihil
341 2637 518 2680 usquam
538 2624 582 2665 in
600 2623 726 2666 rebus
744 2632 830 2665 tam
849 2623 1010 2666 bonum
1031 2633 1108 2676 est,
1128 2639 1155 2665 o
1173 2623 1348 2673 Demea,

149 2694 232 2736 Cui
251 2695 430 2752 reperire
449 2696 508 2739 nil
528 2696 581 2739 sit
597 2696 834 2739 admixtum
852 2696 963 2739 mali.

189 2803 205 2818 ⁸
219 2796 310 2829 Olim
323 2809 330 2827 :
355 2798 452 2840 ‚Quid
464 2804 606 2830 ventura
614 2799 713 2841 serat
727 2810 797 2831 sors
812 2801 936 2831 homini
942 2809 1048 2841 parce
1062 2800 1154 2831 homo
1175 2799 1295 2839 dicere,
1313 2798 1387 2831 Nec
1394 2797 1479 2840 save

148 2857 293 2894 augurio
307 2860 436 2896 quanta
450 2857 520 2887 viro
535 2858 618 2897 uita,
633 2858 707 2897 quis
721 2858 841 2888 exim.
