1780 3178
369 239 423 294 98
768 237 968 280 IOANN
971 237 1028 279 IS
1061 237 1307 280 STOBAEI

819 391 1123 442 TITULUS
1156 393 1268 440 XL.

889 496 963 534 DE
990 495 1196 533 EXILIO.

772 595 806 622 ι.
828 571 1066 639 Euripides
1086 567 1320 623 Philoctete.

433 667 452 686 Ζ
468 657 659 698 Fortuna
679 655 775 697 laeta
794 655 942 713 patriae
963 655 1074 697 levat
1093 654 1219 697 altius

377 734 556 781 stantes,
572 730 759 787 jacentes
779 729 928 771 durius
944 738 1090 771 contra
1109 729 1273 787 premit.

814 815 850 845 2.
874 803 992 845 Idem
1012 803 1280 845 ΡῘιαέίΙιοηιε.

434 876 692 932 Ubicunque
711 884 823 918 recte
843 874 1011 928 vixeris,
1031 875 1209 933 patriam
1230 884 1346 934 puta.

897 954 901 958 ’
905 965 951 1007 3.
975 951 1182 993 Incertus.

434 1034 452 1055 ³
467 1026 658 1083 Argivus
680 1040 733 1067 an
755 1023 1016 1067 Thebanus?
1046 1025 1164 1067 haud
1187 1035 1313 1067 unam
1333 1024 1440 1067 mihi

377 1099 603 1141 Asson-ibo:
636 1098 774 1156 patria
795 1107 857 1140 est
879 1098 1010 1141 Graia
1029 1114 1116 1156 qua
1135 1098 1260 1142 tellus
1279 1107 1406 1156 patet.

763 1173 801 1214 8.
824 1173 1062 1230 Euripides
1082 1173 1337 1215 Phoenissis.

437 1247 458 1275 b
473 1246 654 1304 Sepelite
674 1247 919 1304 quaeso'me‚
941 1262 1107 1304 parens,
1129 1258 1262 1304 tuque
1281 1263 1308 1288 o
1327 1258 1459 1297 soror,

380 1323 530 1363 Humo
549 1321 592 1363 in
612 1330 810 1379 paterna:
843 1320 988 1363 civitas
1007 1336 1084 1378 per
1103 1326 1177 1362 Vos
1198 1320 1299 1362 mihi

380 1396 552 1438 Placata
571 1396 645 1438 fiat
665 1396 882 1447 hactenus,
898 1380 1048 1454 'patriae
1067 1411 1172 1439 meae

380 1473 445 1513 Ut
464 1471 620 1514 condar
639 1471 682 1513 in
704 1471 868 1523 tellure,
890 1471 923 1513 si
943 1486 1075 1529 regno
1094 1471 1242 1514 excidi.

903 1545 969 1587 Ib.
991 1546 1198 1587 Incertus.

437 1627 455 1647 ⁰
469 1618 616 1661 Amica
635 1618 759 1660 tellus
775 1633 842 1659 me
862 1632 939 1659 sua
956 1616 1082 1674 gleba
1102 1626 1229 1675 tegat.

756 1690 822 1732 Ib.
844 1691 1082 1748 Euripides
1100 1690 1347 1732 Phoe‘nissis.

390 1786 393 1787 ⁷
439 1765 460 1794 d
478 1766 579 1807 Tua
597 1782 637 1817 o,
655 1774 730 1807 tua
749 1763 892 1806 oculos
911 1763 1086 1805 dextera
1105 1763 1300 1807 occludat
1317 1779 1445 1814 mem,

384 1841 540 1883 Mater.

959 1928 998 1970 9.
1021 1913 1155 1955 Idem.

443 1989 568 2030 Patet
587 2002 710 2029 omne
729 1987 877 2029 caelum
899 1986 1075 2044 praepeti
1096 1987 1127 2028 J
1129 1986 1218 2029 ovis
1236 1986 1347 2029 aliti:

387 2064 457 2105 Ita
476 2072 587 2105 terra
605 2061 767 2118 quaevis
784 2060 921 2118 patria
940 2070 1003 2103 est
1022 2060 1121 2103 forti
1143 2060 1244 2103 viro.

752 2233 756 2235 ’
825 2228 1128 2298 TITULUS
1162 2228 1311 2287 XLI.

884 2347 960 2384 DE
989 2346 1231 2384 ARCANIS.

857 2461 892 2490 1.
913 2447 1147 2505 Euripides
1167 2448 1261 2489 Ino.

448 2522 650 2566 Tacenda
669 2538 765 2580 quae
786 2531 884 2565 sunt
903 2536 1026 2564 nemo
1045 2536 1121 2579 per
1141 2529 1183 2563 te
1202 2519 1416 2578 intelligat.
1465 2565 1467 2567 ¹

392 2597 484 2639 Fax
505 2612 634 2654 parva
653 2596 772 2639 facile
788 2596 940 2639 montis
961 2595 1068 2638 Idaei
1087 2610 1235 2653 nemus
1271 2656 1273 2658 -

480 2755 492 2768 ¹
508 2749 606 2780 Refer
622 2749 662 2780 ad
677 2748 744 2781 Tit.
760 2740 920 2779 XXXIX.
1051 2753 1066 2767 ⁸
1080 2747 1218 2779 Eodem.
1348 2744 1365 2765 Β
1378 2745 1513 2778 Eodem.

478 2808 491 2822 t
504 2802 640 2833 Eodem.
771 2801 786 2822 ‘¹
799 2801 899 2833 Refer
913 2800 954 2832 ad
968 2799 1035 2832 Tit.
1049 2799 1210 2832 cxx1v.
