1780 3178
333 225 415 278 184
707 226 971 280 10ANN1s·
993 228 1239 272 STOBAEI

330 331 499 373 AEstiva
518 331 626 374 ridet
647 333 762 375 unda
779 335 916 392 pacati
937 336 1062 379 maris

330 404 528 447 Blandita
548 406 709 457 nautis3
743 424 853 466 saepe
873 426 969 452 cum
991 411 1123 454 nimbi
1144 411 1329 465 irruunt,

332 479 550 522 Horrescit
568 480 663 523 altis
681 481 870 524 intonata
888 483 1111 526 fluctibus:

332 550 399 594 Sic
419 551 490 594 illa
509 564 550 595 et
570 553 651 596 iras
672 554 781 597 tollit
799 566 842 597 et
861 556 981 613 ponit
1001 566 1153 610 truces,

329 626 541 683 Pontique
561 626 646 669 ritu
667 627 842 670 mobiles
861 640 988 671 aestus
1006 629 1147 673 habet.

385 700 557 743 Asellus
576 711 620 744 at
638 718 767 759 quam
788 701 798 732 ¹
814 704 989 746 verbero
1007 705 1147 763 gilvus
1166 707 1276 764 parit

327 775 371 816 N
373 775 595 818 ecessitatis
612 776 703 834 lege
722 778 976 821 ineluctabili

328 848 545 906 Minisque
565 850 725 903 adacta,
748 853 865 910 quod
884 853 975 895 viro
988 854 1171 911 jussum,
1193 856 1317 899 facit:

327 923 495 966 Furtim
515 915 680 967 interim
700 942 786 983 qua
805 936 940 979 nocte,
962 944 1048 985 qua
1066 938 1204 986 potest
1223 930 1306 982 die,

329 998 427 1039 Sese
447 997 622 1055 saginat,
645 1008 687 1041 et
707 999 772 1042 vel
793 1001 848 1042 ad
867 1001 1009 1043 focum
1030 1012 1148 1045 vorat
1164 1020 1175 1045 z

327 1072 417 1113 Nec
438 1071 613 1115 delicate
632 1073 808 1131 seligens
827 1076 1041 1119 adulteros

328 1145 476 1188 Cuivis
494 1147 659 1204 roganti
679 1149 851 1191 comiter
870 1165 1027 1193 morem
1046 1152 1168 1208 gerit.

382 1221 447 1262 At
467 1220 548 1263 fele
567 1231 728 1274 natum,
751 1223 868 1266 triste
887 1232 930 1266 et
948 1224 1093 1267 infelix
1113 1241 1272 1283 genus:

324 1294 375 1335 In
394 1293 472 1336 hac
491 1294 722 1352 benignum
742 1305 817 1339 aut
836 1297 1125 1341 illecebrosum
1139 1290 1258 1352 nihil,

325 1367 401 1409 Nil
420 1368 631 1426 repperire
650 1379 712 1412 est
732 1370 870 1423 dulce,
891 1371 952 1414 nil
972 1372 1174 1415 amabile:

324 1442 486 1485 Intacta
503 1442 600 1486 lecti
619 1445 799 1502 gaudiis,
821 1446 979 1504 spernit
997 1446 1137 1489 virum

325 1517 572 1560 Fastidiosae
590 1518 715 1576 plena
734 1522 1029 1565 contumaciae:

325 1591 617 1650 Multumque,
639 1593 712 1635 sed
731 1609 808 1651 per
825 1595 955 1648 furta,
977 1597 1122 1641 vicinis
1141 1607 1284 1641 nocet:

324 1665 518 1708 Pollucta
536 1667 589 1709 ab
610 1667 691 1709 aris
709 1667 984 1726 abliguritum
1004 1671 1129 1713 venit.

380 1741 445 1782 At
465 1756 592 1798 quam
614 1742 820 1799 superbus
840 1743 971 1787 edidit
983 1745 1102 1802 jubis
1121 1762 1270 1804 equus,

325 1813 492 1869 Spernit
512 1813 666 1857 laboris
686 1831 809 1858 omne
830 1818 988 1860 servilis
1007 1835 1164 1877 genus:

323 1885 421 1926 Non
441 1885 513 1927 illa
531 1887 730 1940 cribrum,
751 1905 835 1931 non
855 1891 1008 1933 molam
1029 1893 1166 1950 tangit
1185 1909 1312 1936 manu
1329 1911 1339 1935 :

322 1960 422 2001 Non
443 1960 475 2002 si
495 1961 600 2017 quid
619 1977 796 2019 usquam
820 1964 1035 2007 sordidum
1055 1975 1217 2009 everrat
1236 1967 1362 2010 domo
1379 1985 1388 2009 :
1439 2007 1446 2012 .

322 2030 476 2090 Ingens
498 2035 639 2077 sedere
658 2037 790 2079 credit
809 2038 864 2080 ad
884 2039 1060 2082 furnum
1079 2041 1211 2092 nefas,

322 2108 477 2149 Perosa
494 2108 660 2150 fumum
676 2126 685 2151 ι
718 2121 865 2168 sponte
885 2112 944 2154 nil
964 2122 1136 2169 praestat
1154 2113 1267 2156 viro:

323 2180 407 2222 Sed
426 2180 490 2222 bis
510 2180 675 2224 lavatur
694 2183 748 2225 de
766 2184 849 2237 die,
870 2185 937 2245 vel
957 2194 1020 2227 ter
1039 2201 1224 2244 quoque,

320 2254 382 2296 Et
401 2253 638 2297 delibutum
658 2273 811 2315 corpus
830 2259 1059 2317 unguentis
1078 2260 1228 2303 habet:

320 2327 635 2372 Discriminatas
654 2331 817 2388 pectine
835 2333 933 2375 exili
953 2349 1092 2376 comas
1147 2360 1150 2363 Δ

322 2402 494 2445 Gaudet
514 2404 707 2447 revinctis
727 2405 930 2463 impedire
950 2407 1138 2459 floribus,
1185 2452 1188 2457 ,

320 2476 631 2518 Extraneorum
652 2478 811 2521 visibus
831 2479 1113 2537 spectaculum

319 2549 457 2591 Dulce
477 2560 604 2608 atque
623 2567 849 2606 amoenum,
870 2555 1041 2613 conjugi
1060 2556 1260 2599 damnum
1280 2573 1424 2615 grave,

320 2621 377 2663 Ni
398 2623 505 2666 forte
527 2625 621 2666 Rex
643 2625 694 2667 sit
716 2635 789 2668 aut
810 2628 1016 2684 superbus
1039 2630 1215 2687 Satrapa

718 2773 724 2794 ¹
741 2773 828 2807 Olim
843 2786 852 2805 a
874 2776 989 2815 gignit
1003 2781 1036 2808 ee
1044 2778 1147 2818 piger
1162 2779 1256 2810 cinis.
