1780 3178
458 287 928 342 FLQRILEGIUM.
959 287 1062 331 Trr.
1089 301 1182 346 ¹03·

152 400 346 443 Declives
364 400 537 458 implere
555 400 670 444 domi
688 400 864 444 feliciter
881 415 1029 454 annoS,

153 475 336 517 Cernere
353 473 532 517 consiliis
550 484 819 533 praestantem
837 483 881 518 et
898 475 1047 519 robore
1066 475 1238 534 prolem.

531 559 570 592 2.
591 548 868 606 Bacchylides
885 549 1116 607 Epiniciis.

212 620 334 663 Felix
353 621 422 663 cui
442 636 529 664 sors
546 621 627 664 ista
645 621 854 664 bonorum

154 693 344 752 Contigit
362 693 473 736 almo
491 709 666 737 munere
685 694 846 746 divum,

154 766 395 811 Florentem
414 767 567 824 opibus
585 767 738 824 degere
756 767 913 810 vitam:

154 841 266 883 Nam
285 841 390 884 nihil
408 841 523 884 omni
541 856 594 884 ex
611 850 731 898 parte
750 841 923 883 beatum
942 851 1015 883 est.

593 927 635 971 3.
660 915 874 958 Geminus
898 914 1047 958 Tereo.

211 987 357 1030 Virtus
374 987 549 1036 colenda
566 998 630 1032 est
649 1003 827 1046 semper,
846 989 1007 1031 oranda
1024 998 1088 1032 est
1107 990 1223 1034 Deos

156 1064 370 1106 Fortuna:
401 1064 592 1122 quisquis
609 1064 689 1107 ista
706 1064 927 1122 conjunxit
945 1064 1048 1117 duo,

156 1137 266 1180 Boni
283 1147 326 1181 et
343 1137 456 1180 beati
475 1153 627 1181 nomen
646 1138 682 1180 is
700 1137 850 1181 merito
867 1138 987 1180 feret.

540 1222 582 1263 4.
605 1210 886 1254 Callimachus
905 1209 1110 1268 Hymnis.

214 1284 306 1327 Nec
323 1283 494 1327 fortuna
510 1285 608 1327 beet
626 1299 868 1342 quenquam
888 1285 1046 1327 virtute
1063 1295 1238 1328 remota.

556 1370 598 1413 5.
614 1358 837 1415 Stfflkocks
855 1358 1089 1417 Antigona.

216 1426 377 1470 Felices
394 1428 507 1481 satis,
527 1445 555 1471 o
572 1429 730 1486 quibus

158 1502 328 1559 Expers
345 1501 433 1544 vita
450 1502 668 1545 malorum.

674 1578 718 1619 6.
738 1578 973 1622 Pindarus.

215 1649 446 1706 Nequeunt
463 1650 575 1692 bona
592 1650 768 1693 reddere
784 1666 1027 1709 quenquam

159 1723 266 1773 Quae
284 1731 383 1765 sunt
399 1723 580 1781 fugitiva
597 1723 781 1766 beatum.

543 1808 582 1852 7.
604 1798 846 1840 Menander
859 1799 1112 1857 Demiurgo.

216 1867 339 1910 Felix
354 1868 428 1926 qui
447 1880 628 1912 mentem
646 1884 745 1921 eum
762 1870 919 1913 divitiis
937 1871 1147 1929 possiden

159 1942 271 1984 Nam
291 1941 404 1984 solus
422 1942 492 1985 ille
509 1943 627 1985 novit
645 1943 800 1986 divitiis
814 1944 912 1986 frui.

676 2017 715 2058 8.
741 2017 977 2075 Theognis.

161 2086 394 2129 Pulchrum
406 2086 572 2144 justitia
589 2095 667 2140 est,
687 2087 1036 2147 fortunatumque
1054 2089 1213 2133 valere:

216 2161 283 2202 At
298 2175 425 2204 suave
443 2160 632 2219 inprimis
648 2176 817 2204 cernere
835 2162 953 2219 quod
969 2163 1128 2221 cupias.

692 2250 736 2291 9.
757 2236 958 2280 Sclerias.

219 2307 325 2349 Pars
341 2315 405 2349 est
423 2307 559 2364 prima
576 2307 676 2350 boni
691 2308 829 2351 valere
848 2318 976 2352 recte:

161 2379 325 2423 Pollere
343 2380 498 2438 ingenii
516 2382 699 2424 secunda
716 2383 833 2425 dote:

160 2454 191 2495 J
195 2462 308 2496 ustas
326 2453 449 2498 tertia
465 2455 676 2512 possidere
692 2471 840 2513 gazas:

161 2526 494 2583 Compubescere
513 2536 664 2585 quarta
683 2543 770 2570 sors
788 2529 944 2572 amicis.

610 2613 677 2643 10.
693 2602 915 2659 quhocles
934 2603 1050 2646 Ione.

221 2671 443 2728 Nusquam
463 2672 620 2714 sincera¹
637 2673 835 2716 feruntur

164 2746 285 2787 Bona
302 2754 582 2803 praeterquam
601 2747 631 2788 ,J
633 2746 723 2789 ovis
741 2747 875 2790 horto.
