1780 3178
389 210 445 251 80
795 211 1050 256 IOANNIS
1083 214 1327 258 STOBAEI

903 328 974 380 46.
996 329 1203 372 Incertus.

446 397 687 440 Laboriosae
707 397 935 457 diligentiae
954 402 1119 459 assequi

389 471 506 514 Nihil
526 479 588 515 est
607 481 818 530 negatum.

762 574 832 619 47.
855 565 1097 608 Menwnder
1116 568 1339 610 Etanucho.

787 638 1003 697 Quicquid
1022 640 1227 697 quaeritur

386 712 502 753 Cura
519 710 721 769 indigere,
742 713 978 771 sapientum
1000 710 1204 758 sententia
1222 724 1295 758 est.

798 804 868 857 48.
890 805 1112 862 &phoebes
1133 805 1305 864 OEdv‘po.

785 877 1001 935 Quicquid
1020 878 1227 935 quaeritur

382 946 486 1002 Spes
504 945 761 1005 deprehendi
779 958 855 992 est.
905 951 1043 993 Omne
1060 951 1300 1010 neglectum
1318 952 1438 1010 perit.

816 1041 1008 1099 Orpheus
1026 1042 1077 1084 de
1100 1043 1295 1086 Gemmis.

441 1109 525 1152 Sed
543 1125 610 1153 res
628 1110 708 1154 ista
726 1112 865 1155 virum
885 1114 1038 1172 quaerit
1056 1115 1125 1158 cui
1139 1116 1257 1159 nulla
1274 1116 1468 1159 laborum

385 1181 550 1234 Taedia,
571 1183 646 1241 qui
665 1184 726 1227 nil
745 1200 830 1228 non
847 1186 951 1244 vigil
971 1187 1213 1245 experiatur
1231 1197 1436 1247 agatque:

381 1253 529 1298 Discat
547 1264 590 1298 et
608 1255 697 1315 ipse
716 1257 876 1315 aliquid
894 1274 971 1317 per
989 1275 1033 1302 se
1051 1260 1279 1318 cupiatque
1297 1261 1452 1304 doceri.

381 1329 481 1370 Non
500 1329 622 1373 dictis
639 1330 874 1384 hominum,
895 1347 980 1375 non
999 1334 1148 1391 coeptis
1166 1335 1326 1393 absque
1343 1335 1486 1379 labore
1501 1327 1505 1332 ’

380 1403 658 1462 Omnipotens
675 1406 802 1449 finem
820 1418 940 1465 pater
958 1401 1130 1452 annuit:
1162 1410 1300 1468 aspice
1319 1419 1361 1453 et
1374 1410 1486 1468 ipsos

381 1478 489 1521 Solis
507 1495 652 1537 equos,
673 1497 843 1524 currum
865 1483 940 1540 qui
959 1499 1035 1541 per
1053 1484 1311 1528 flammantia
1329 1485 1420 1528 caeli

381 1552 509 1610 Septa
527 1554 715 1607 trahunt,
736 1571 884 1613 vesper
903 1555 1035 1599 donec
1055 1551 1240 1600 dimittat
1258 1558 1439 1601 anhelos.

815 1639 1033 1682 Hesiodus
1055 1641 1273 1699 Operibus.

439 1710 646 1753 Sudorem
665 1719 762 1754 ante
782 1712 945 1755 aditum
965 1713 1134 1758 virtutis
1154 1715 1213 1759 Di
1233 1724 1488 1774 posuerunt:

378 1784 440 1825 Et
458 1783 585 1842 longa
602 1785 687 1828 huc
706 1795 749 1829 et
766 1786 875 1830 celsa
893 1787 1017 1830 simul
1037 1785 1105 1831 via
1123 1789 1242 1833 ducit
1259 1799 1443 1843 euntem,

378 1857 533 1900 Ardua
551 1858 782 1918 principio:
815 1860 889 1903 sed
908 1861 983 1904 ubi
1002 1870 1066 1904 est
1083 1862 1139 1905 ad
1158 1863 1343 1907 culmina
1360 1872 1547 1917 ventum,

380 1929 560 1988 Incipiet
579 1931 694 1975 molli
713 1948 800 1976 sese
819 1933 1065 1977 submittere
1083 1935 1202 1978 clivo.

729 2031 798 2074 49.
820 2019 1059 2077 Euripides
1079 2020 1364 2078 Sufflicibus.

436 2088 537 2130 Tua
555 2103 692 2132 nonne
711 2091 858 2143 cernis,
878 2092 996 2149 quod
1004 2102 1137 2151 v*vocat
1156 2094 1422 2136 temerarium

377 2161 540 2204 Procax
560 2162 731 2215 malitia,
755 2165 997 2223 Gorgonem
1014 2174 1062 2208 ut
1081 2166 1218 2224 patria
1235 2167 1390 2211 audeat

376 2234 603 2292 Aspicere?
634 2236 792 2294 quippe
810 2237 956 2280 crescit
974 2237 1019 2280 in
1037 2238 1261 2282 laboribus.

376 2306 489 2350 Aliae
509 2308 582 2350 sed
602 2309 728 2351 urbes
747 2310 834 2353 otio
853 2310 969 2368 segni
988 2311 1141 2354 latent:

375 2379 501 2422 Visus
519 2396 690 2439 quoque
708 2382 820 2440 ipsos
838 2397 1001 2426 crassus
1019 2384 1199 2428 obnubit
1218 2401 1362 2443 pavor.

859 2468 931 2511 5¹·
951 2456 1227 2514 Antiphanes.

433 2524 592 2568 Labori
611 2527 782 2583 assiduo
797 2528 902 2571 nihil
920 2538 985 2573 est
1002 2530 1121 2588 quod
1139 2546 1224 2575 non
1242 2532 1404 2575 serviat.

836 2616 838 2621 ·
929 2612 1000 2659 52.
1021 2605 1171 2648 Bima

434 2671 571 2715 Gutta
589 2674 741 2718 cadens
759 2674 878 2718 stillis
895 2676 1148 2730 rorantibus,
1171 2686 1219 2722 ut
1238 2687 1360 2722 vetus
1379 2689 1441 2723 est
1460 2694 1558 2732 vox,

377 2742 588 2786 Paulatim
608 2746 764 2789 durum
784 2747 967 2805 lapidem
986 2760 1122 2794 cavat.
1138 2766 1141 2769 ⁴
