1780 3178
371 289 839 333 FLORILEGIUM.
869 289 974 334 Trr.
999 301 1091 349 125.
1313 306 1397 349 303

65 400 312 459 Pariterque
331 417 428 444 cum
447 402 528 445 illis
546 418 685 446 aevum
704 403 878 462 agemus
896 394 1090 448 alterum.

141 535 144 538 ‚
414 476 479 520 28.
501 477 740 536 Euripides
755 470 1064 522 Andromacha.

121 546 191 588 De
208 555 342 590 morte
358 547 515 591 functis
533 564 656 607 parce
675 550 859 593 moerore
871 550 993 594 affici.

64 619 177 660 Nam
196 618 309 662 dicta
326 620 371 662 in
390 636 533 663 omnes
552 637 578 663 a
597 621 692 664 Diis
712 621 916 665 sententia
934 632 1011 674 est,

63 691 309 735 Communis
328 693 442 736 unde
462 694 607 736 m'ortis
625 703 688 737 est
706 690 938 738 necessitas.

502 779 569 822 29.
592 767 711 810 Idem
736 769 963 810 Temenisi.
994 796 998 799 -

120 837 237 887 Quos
257 837 390 879 nutrit
408 837 596 880 homines
618 840 768 891 Terra,
788 855 900 882 mors
918 846 1062 882 omnes
1085 850 1247 883 manet:

63 907 310 951 Communis
330 918 392 952 est
411 919 574 952 natura„
626 910 880 953 Patiendum
900 912 1018 969 quod
1037 921 1100 955 est

63 982 310 1024 Commune.
362 983 472 1026 Fato
490 984 607 1041 qued
626 994 753 1036 caret,
774 985 863 1027 fato
881 995 944 1028 est
963 985 1116 1028 minus.

379 1057 383 1059 “
513 1045 515 1047 ’
545 1070 614 1114 30.
635 1058 919 1101 Archilochus.

62 1127 148 1179 Qui
168 1127 358 1180 nimium,
381 1129 575 1181 Pericles,
596 1145 758 1187 semper
776 1130 1001 1173 meminere
1019 1131 1238 1183 malorum,

121 1200 220 1241 Non
238 1199 315 1241 hos
333 1199 483 1242 hausta
494 1201 650 1258 juvant
668 1202 834 1258 pocula,
855 1217 940 1244 non
960 1202 1109 1260 epulae.

63 1272 166 1315 Illos
185 1272 368 1330 aequorei
387 1283 621 1316 merserunt
638 1274 820 1331 gurgitis
839 1275 990 1318 undae:

120 1347 325 1389 Atnimio
344 1347 464 1389 nobis
481 1347 628 1405 pulmo
646 1347 790 1390 dolore
809 1357 956 1391 tumet.

62 1422 164 1464 Una
182 1421 281 1464 data
298 1429 360 1463 est
382 1423 591 1479 Superum
610 1422 722 1465 dono
736 1422 942 1465 medicina
960 1423 1181 1475 malorum,

122 1495 286 1538 Scilicet
304 1494 447 1538 invicti
466 1495 641 1538 durities
659 1496 798 1539 animi.

60 1577 82 1608 g
95 1568 181 1611 Hic
201 1568 310 1610 mala
328 1583 454 1620 nunc,
476 1583 588 1610 nunc
608 1568 713 1610 alter
730 1568 869 1611 habet.
925 1570 957 1610 J
959 1584 1027 1611 am
1047 1569 1214 1627 respicit
1232 1569 1287 1612 ad
1306 1584 1381 1611 nos

120 1642 248 1684 Fessa
266 1650 532 1683 cruentamus
549 1641 707 1683 viscera
725 1640 801 1698 qui
821 1641 994 1698 gemitu.

12 1714 14 1716 ’
62 1718 172 1760 Mox
191 1716 292 1759 alios
313 1731 400 1758 sors
419 1715 499 1758 ista
516 1723 668 1757 manet.
719 1716 884 1757 Durate
903 1715 1077 1758 ferendo

119 1792 296 1843 Interea,
317 1798 361 1832 et
378 1789 497 1832 luctu
518 1788 675 1846 parcite
693 1788 901 1831 foemineo.

455 1940 758 2011 TITULUS
792 1961 1000 2010 cxxv.

168 2085 229 2123 lN
257 2084 581 2123 DEFUNCTOS
607 2084 730 2121 NON
756 2081 1140 2120 EXERCENDAM
1168 2058 1291 2119 ESSE

517 2152 940 2191 CONTUMELIAM.
977 2155 981 2158 ⁴
1124 2160 1127 2162 ’

511 2249 546 2277 1.
569 2231 784 2278 Homerus
807 2235 953 2276 Iliade.

121 2311 250 2355 Saevit
269 2309 379 2353 enim
398 2310 442 2352 in
462 2309 630 2351 surdam
652 2308 843 2350 tellurem
863 2307 1046 2364 percitus
1064 2306 1137 2348 ira.

528 2395 564 2424 2.
587 2382 705 2424 Idem
728 2382 926 2439 Odyssea.

119 2456 323 2500 Insultare
342 2455 458 2497 nefas
477 2454 594 2496 fatali
614 2462 724 2496 sorte
742 2452 949 2511 peremtis.

461 2537 505 2580 3,
525 2535 566 2577 4.
589 2522 778 2565 Moschio
797 2523 994 2564 Pheraeis.

121 2597 275 2640 Saevire
292 2596 337 2638 in
357 2597 548 2639 umbram
567 2610 702 2637 vanus
720 2596 783 2637 est
801 2594 928 2636 animi
947 2594 1076 2637 furor.

46 2670 220 2720 ‚Punite
240 2669 356 2711 vivos
374 2669 438 2711 fas
458 2668 524 2719 sit,
546 2667 757 2711 exanimes
775 2667 902 2709 nefas.
926 2670 927 2673 ’

506 2831 521 2851 1
534 2824 642 2855 Olim:
669 2824 773 2855 A'unc
789 2823 842 2853 ille
853 2823 950 2852 hanc.
