1838 3276
438 294 497 337 44
842 278 1041 321 IOANN
1046 278 1102 320 IS
1132 276 1371 320 STOBAEI

440 397 572 438 Hunc
591 393 665 451 qui
685 407 769 434 non
787 391 908 435 facile
926 407 970 434 se
987 391 1140 449 opibus
1159 398 1363 432 sustentat
1383 388 1483 438 suis,

440 468 551 520 Quia
569 481 731 524 semper
749 472 945 508 metuunt
962 464 1123 521 aliquid
1142 463 1402 521 postularier.

866 550 934 595 25.
955 538 1176 596 Sqthocles
1202 538 1365 579 Tereo..

498 615 694 658 Pecuniae
712 613 884 656 avidum
903 620 966 654 est
983 626 1107 654 omne
1125 610 1391 654 barbaricum
1409 625 1554 668 genus.

807 685 876 729 26.
896 684 1134 742 Eua-ipides
1154 684 1407 742 Hypsipyle.

499 759 635 818 Apud
654 757 784 801 malos
804 757 923 801 utilia
936 757 1038 815 *plus
1049 757 1177 815 justis
1196 756 1348 800 valent.

708 834 914 875 Incertus.
938 829 1137 886 [Anthol.
1159 830 1250 874 Pal.
1273 831 1361 873 XI.
1382 830 1504 887 389]

443 909 606 950 Tantas
625 920 736 948 unus
753 906 878 962 opes?
909 903 983 947 sed
1002 919 1166 961 possem
1184 903 1412 961 ignoscere,
1433 902 1545 945 corvi

500 978 740 1023 Cornicisve
759 977 849 1020 dies
868 977 902 1019 si
921 976 998 1019 tibi
1015 976 1104 1019 fata
1122 976 1282 1019 darent.

442 1056 507 1096 At
525 1053 559 1095 si
577 1051 795 1095 hominum
815 1066 839 1092 e
856 1064 1033 1092 numero
1051 1065 1109 1102 es,
1130 1049 1287 1107 quibus
1305 1058 1369 1092 est
1394 1049 1546 1092 festina
1570 1057 1773 1100 semem-5,

499 1125 694 1169 Distendi
713 1123 923 1167 immensis
940 1139 1065 1182 parce
1083 1123 1367 1181 cupidinibus,

442 1200 509 1242 Ne
528 1207 602 1241 tua
621 1197 831 1241 carnifices
850 1205 1097 1239 consumant
1115 1196 1243 1239 eorda
1259 1196 1437 1247 dolores,

498 1273 651 1331 Deque
670 1270 754 1314 tibi-
765 1270 896 1328 partis
914 1270 1054 1312 vivere
1072 1269 1148 1312 des
1165 1269 1267 1312 aliis.

705 1344 921 1386 Palladas.
935 1342 1144 1400 ⁴[Anthol.
1167 1343 1257 1386 Pal.
1281 1344 1371 1386 XI.
1395 1345 1512 1401 294]

443 1418 612 1460 Divitiis
631 1416 831 1475 locuples,
851 1417 991 1460 animo
1011 1416 1085 1459 sed
1103 1432 1290 1475 paupere
1308 1416 1428 1468 vivis,

501 1491 664 1534 Heredi
682 1491 813 1542 dives,
833 1506 996 1548 pauper
1015 1499 1059 1534 at
1077 1490 1166 1548 ipse
1186 1490 1274 1534 tibi.

748 1564 880 1606 Idem.
903 1562 1101 1619 [Anthol.
1123 1562 1214 1606 Pal.
1238 1563 1328 1605 XI.
1353 1564 1469 1620 173.]

443 1642 556 1682 Cum
575 1647 649 1681 tua
667 1637 898 1680 foenoribus
917 1636 1096 1688 dederis,
1118 1636 1206 1689 des,
1228 1636 1334 1679 sisve
1353 1636 1530 1680 daturus

500 1712 666 1764 Omnia,
687 1726 771 1754 non
790 1711 907 1753 novit
925 1725 992 1753 res
1010 1702 1085 1754 tus
1103 1719 1145 1753 te
1164 1710 1393 1754 dominum.

757 1785 883 1826 Idem.
907 1783 1098 1840 [Anthol.
1121 1783 1212 1826 Pal.
1234 1784 1323 1825 XI.
1346 1783 1466 1840 289.]

500 1860 604 1901 Heu
623 1858 711 1900 vita
724 1867 849 1916 raptu
870 1873 998 1916 quam
1018 1855 1235 1914 repentino
1254 1855 1380 1914 peris!
1404 1883 1407 1884 ν

444 1931 662 1975 Foecunda
680 1931 847 1988 signans
865 1930 1090 1972 foenerator
1109 1938 1299 1988 tempora

442 2005 687 2049 Fraudatur
705 2004 816 2047 alma
834 2004 927 2046 luce
946 2012 1157 2048 momento
1176 2002 1308 2054 brevi,

422 2112 424 2114 -
444 2081 563 2122 Dum
582 2077 806 2120 circulante
826 2085 963 2119 versat
982 2091 1131 2120 usuras
1150 2091 1291 2122 manu.

705 2150 919 2199 Peliasnus.
944 2147 1142 2204 [Anthol.
1165 2147 1255 2191 Pal.
1279 2149 1366 2190 XI.
1393 2149 1510 2209 167.]

444 2226 524 2268 AEs
543 2222 660 2282 quod
679 2222 821 2273 habes,
842 2237 918 2264 nec
936 2221 1079 2273 habes,
1100 2220 1246 2279 positis
1264 2221 1308 2263 in
1326 2222 1487 2264 foenore
1505 2223 1702 2275 nummis,

503 2296 630 2350 Quod
649 2294 750 2338 facis
768 2294 953 2346 alterius,
974 2294 1070 2352 quis
1087 2303 1211 2352 putet
1229 2310 1317 2337 esse
1336 2298 1483 2337 tuum?

706 2370 910 2411 Incertus.
934 2366 1131 2423 [Anthol.
1154 2367 1334 2412 Planud.
1358 2369 1394 2410 Ι.
1420 2370 1507 2428 18.]

444 2445 562 2496 Vive,
583 2443 679 2486 licet
700 2457 838 2484 sumas
857 2457 914 2484 aes
932 2441 1116 2484 foenore:
1147 2441 1328 2485 creditor
1345 2458 1478 2486 annos

501 2519 562 2560 Et
580 2531 741 2559 menses
759 2515 901 2573 digitis
918 2523 1147 2573 computet,
1167 2524 1210 2558 et
1229 2515 1378 2559 doleat.

659 2590 953 2647 *Antipham-e.
978 2588 1175 2645 [Anthol.
1199 2590 1290 2633 Pal.
1312 2590 1394 2632 XI.
1420 2591 1535 2649 168.]

445 2665 592 2723 Pergis
610 2664 750 2707 adhuc
768 2679 987 2707 numerare
1005 2664 1152 2707 miser?
1169 2679 1266 2707 .n0n
1285 2665 1447 2714 foenora
1465 2674 1629 2707 tantum

504 2738 654 2795 Longa
672 2737 760 2780 dies
779 2737 895 2780 novit
913 2737 1036 2790 ferre,
1057 2737 1130 2780 sed
1149 2746 1192 2781 et
1211 2738 1383 2781 senium.

445 2812 542 2852 Non
562 2810 700 2867 liquor
715 2811 936 2867 unguenti,
957 2827 1040 2855 non
1059 2811 1216 2855 circum
1236 2822 1424 2870 tempora
1443 2812 1579 2864 flores,
