1838 3276
463 293 931 337 FLORILEGIUM.
961 293 1063 338 Tu.
1084 305 1126 352 5.

144 409 253 461 Quae
271 407 406 466 poenis
424 407 580 450 vincire
599 407 732 451 solent
749 421 886 466 genus
902 422 1027 451 omne
1043 408 1285 467 profanum,

146 482 318 525 Indutae
336 481 471 525 varias
485 481 676 526 mendaci
694 497 870 540 corpore
886 482 1066 526 formas:

144 556 240 599 Has
256 571 397 599 arcere
415 555 517 614 vigil
536 555 688 599 mentis
705 555 897 599 custodia
914 555 1065 599 debet:

137 620 244 672 -Hoc
262 629 416 672 etenim
435 639 478 672 te
498 629 578 672 rite
597 645 762 673 sacrum
779 629 952 673 lustrale
970 629 1119 688 piabit,

146 702 191 746 Si
209 696 401 762 potes'ex
419 702 560 745 animo
578 712 716 760 pestes
733 702 870 746 odisse
887 702 1105 754 nefandas,

144 777 335 829 Quarum
353 776 490 834 prima
507 775 628 818 malis
646 785 689 818 et
707 775 893 818 maxima
909 791 1050 828 eausa,
1070 775 1281 834 voluptas,

143 851 282 902 Quam
297 849 407 894 laxis
424 849 554 906 agitat
574 848 718 891 fnenis
736 848 899 891 furiosa
912 848 1080 907 cupido.

516 923 714 980 διηέριαι·
729 923 855 964 aurei
871 923 1102 966 Carminis.

200 998 282 1040 Est
300 996 466 1047 modus,
486 996 600 1038 hunc
619 1011 752 1047 serva,
768 1004 897 1053 potus
916 996 1037 1054 dapis
1055 1005 1183 1053 atque
1202 995 1417 1040 laborum:

142 1072 279 1123 Quem
300 1070 333 1112 si
351 1085 470 1112 nosse
489 1069 622 1127 cupis,
642 1069 796 1112 modus
813 1079 876 1112 est
895 1070 1086 1113 nocitura
1103 1087 1260 1114 cavere.

143 1146 251 1188 Esto
269 1143 346 1186 tibi
365 1158 451 1186 non
469 1142 586 1185 lauta
603 1142 741 1194 nimis,
761 1157 847 1185 non
865 1142 1036 1185 sordida
1053 1158 1207 1186 mensa.

741 1217 872 1258 Idem.
1095 1217 1097 1219 ’

604 1289 693 1330 Res
711 1287 788 1330 has
806 1302 1004 1345 superare
1023 1298 1247 1340 memento,

143 1361 397 1419 Ingluviem‚
418 1375 710 1418 somnumque,
730 1360 943 1418 simulque
958 1361 1143 1404 libidinis
1161 1377 1291 1412 arma,

143 1436 396 1493 Irarumque
414 1435 536 1477 faces.
586 1434 706 1477 Nihil
724 1434 990 1492 adjutoribus
1006 1435 1119 1478 aude

140 1509 287 1566 Turpe
305 1508 409 1560 aliis,
429 1507 627 1564 solusque
645 1507 773 1550 nihil:
791 1517 848 1551 te
866 1507 979 1550 disee
997 1507 1143 1550 vereri.

140 1584 173 1624 J
175 1582 359 1625 ustitiam
378 1581 583 1638 factisque
602 1580 728 1624 simul
748 1581 973 1638 verbisque
990 1581 1164 1625 celebra.

142 1655 199 1697 In
217 1670 263 1697 re
281 1653 349 1697 vel
367 1653 540 1698 minima
556 1667 728 1711 peomre
746 1665 980 1695 assuescere
998 1653 1095 1696 noli.

142 1726 353 1770 Omnibus
372 1742 460 1769 esse
478 1725 584 1768 mori
601 1724 754 1782 genitis
772 1724 900 1768 fatale
918 1733 1139 1768 memento.

142 1801 230 1842 Rae
248 1809 292 1842 et
309 1815 410 1857 opes
428 1797 647 1856 quaerique
666 1797 800 1850 solent
817 1797 1056 1854 iterumque
1074 1797 1222 1855 perire.

677 1873 938 1930 Phocyln‘des.

199 1947 439 1991 Liminibus
458 1947 630 1990 thalami
649 1955 769 1993 natas
786 1954 938 1998 arcete,
959 1956 1167 2003 parenteS‚

140 2023 232 2065 Nec
251 2021 379 2064 decus
398 2021 626 2078 innuptum
645 2019 766 2062 sinite
785 2027 906 2065 extra
923 2019 1106 2062 claustra
1124 2019 1290 2076 vagari:

140 2097 253 2139 Nam
273 2104 463 2139 tenerum
483 2094 637 2152 pudor,
656 2103 700 2136 et
718 2092 859 2151 gravis
878 2100 941 2136 est
959 2092 1152 2136 custodia
1169 2093 1330 2136 formae.

343 2192 346 2193 ⁷
742 2167 874 2211 Idem.

198 2243 326 2285 Casta
345 2240 422 2283 tibi
439 2240 654 2298 placeant:
685 2239 807 2285 factis
830 2249 872 2282 te
891 2239 1088 2297 turpibus
1105 2254 1210 2281 arce.

744 2312 875 2356 Idem.

198 2385 319 2436 Esse,
339 2383 470 2441 loqui,
490 2392 651 2441 potare,
670 2397 749 2426 suo
768 2390 879 2426 stent
897 2382 1039 2427 omnia
1057 2382 1163 2424 fine:

141 2456 315 2515 Optima
331 2471 398 2498 res
416 2455 567 2498 modus
586 2464 671 2498 est:
702 2455 818 2502 hunc
837 2454 1076 2499 transiliisse
1095 2456 1272 2498 nocebit.

740 2528 872 2571 Idem.
1156 2529 1162 2533 “

198 2600 382 2644 Pulcher
398 2614 517 2643 amor
534 2600 664 2649 [θοάς
696 2600 884 2652 veneris,
905 2600 993 2647 sine
1011 2600 1182 2644 crimine
1202 2616 1286 2644 non
1305 2611 1379 2647 est.

743 2674 875 2716 Idem.

199 2749 328 2790 Sume
347 2747 423 2790 tibi
442 2747 617 2791 affectus
635 2747 808 2800 medios,
829 2762 905 2790 nec
923 2747 1102 2804 grandia
1118 2762 1284 2804 quaere:

141 2820 252 2864 Nam
273 2820 475 2879 quicquid
493 2819 669 2864 nimium
686 2829 752 2864 est
770 2820 814 2863 in
833 2819 971 2863 nullos
989 2819 1138 2863 serviet
1158 2835 1273 2872 usus,

144 2894 471 2952 Immodicaeque
490 2893 619 2952 dapes
639 2894 749 2938 vitiis
766 2894 963 2938 alimenta
982 2894 1227 2937 ministrant.

1425 307 1477 352 25
