1780 3178
318 254 403 298 208
714 255 977 302 IOANNIS
997 257 1255 302 JSTOBAEI

670 405 972 456 TITULUS
1006 407 1297 459 LXXXVI.

342 509 577 548 NOBILES
605 510 734 549 ESSE
760 512 860 553 QUI
888 513 1195 555 SECUNDUM
1221 517 1511 559 VIRTUTEM
1538 521 1615 561 VI-

370 580 538 624 VUNT,
556 580 766 622 QUIQUE
786 582 970 620 PROBO
991 584 1137 623 SUNT
1155 586 1403 635 INGENIO,
1419 590 1597 631 QUAM·

407 648 493 686 VIS
521 649 712 687 CLARIS
741 650 1082 692 PARENTIBUS
1110 655 1240 694 NATI
1268 657 1390 697 NON
1417 659 1554 699 SINT.

743 746 779 775 1.
801 735 1042 792 Euripides
1061 737 1229 795 Dictye.

370 805 587 848 Praeconia
603 821 630 848 a
647 820 715 848 me
734 806 851 848 haud
870 822 1024 864 magna
1042 809 1237 853 nobilitas
1255 811 1386 856 feret:

312 879 424 921 Nam
443 879 580 921 bonus
595 887 638 922 et
656 895 806 937 aequus
824 881 974 923 nobilis
992 897 1059 924 me
1072 883 1220 940 judice
1238 894 1324 929 est:

312 953 557 994 Contemtor
575 951 701 1008 aequi,
721 952 953 1008 quamlibet
971 953 1084 997 claro
1103 965 1198 999 satu

310 1026 460 1083 Ipsum
479 1025 714 1067 Tonantem
734 1035 916 1082 superet,
937 1037 999 1069 est
1017 1027 1224 1085 ignobilis.

752 1111 791 1142 2.
814 1099 927 1141 Idem
948 1101 1204 1145 Aleoeasndro.

311 1171 444 1212 Inane
463 1185 615 1212 nomen
634 1171 784 1214 nobilis
803 1172 946 1230 fulgor
965 1173 1116 1217 domus

365 1245 427 1286 Et
446 1243 586 1301 stirpis
605 1243 814 1287 excelsum
834 1244 973 1288 decus.
1169 1303 1178 1307 ᾖ

308 1319 420 1360 Cum
441 1318 646 1375 separavit
665 1318 774 1361 alma
792 1320 987 1363 mortales
1005 1336 1170 1378 parens,

364 1393 425 1434 Os
443 1392 565 1434 finxit
583 1392 785 1450 aequalem
807 1393 851 1436 in
870 1395 1045 1438 modum

306 1465 525 1507 Foecunda
545 1464 678 1507 tellus.
731 1466 806 1508 Nil
824 1467 1028 1511 habemus
1043 1470 1273 1528 proprium.

365 1540 475 1580 Sunt
494 1553 633 1580 semen
653 1554 788 1581 unum
807 1539 966 1582 nobiles

304 1611 623 1669 Ignobilesque3
656 1611 749 1669 lege
770 1613 843 1654 sed
862 1613 1101 1657 discrimina

361 1684 549 1740 Reperta
566 1683 741 1740 perfecit
769 1684 869 1726 dies.

303 1757 430 1797 Mens
449 1763 574 1797 cauta
593 1771 690 1798 vere
710 1756 869 1799 nobiles
887 1758 1042 1811 reddit,
1064 1760 1148 1802 Dei

359 1829 466 1880 Quae
486 1828 584 1870 dote
604 1843 689 1870 non
707 1845 834 1872 censu
846 1830 991 1874 datur.

801 1915 843 1958 3.
863 1903 1131 1960 Astydamas.

356 1972 475 2014 Laus
494 1980 588 2013 tuta
605 1972 784 2029 generis,
806 1972 839 2015 si
857 1973 997 2016 virum
1015 1974 1163 2017 laudes
1181 1975 1317 2018 simul.
1367 1967 1370 1970 Δ

299 2045 382 2088 Cui
402 2054 543 2087 sancta
560 2060 727 2105 morum
746 2061 906 2100 norma,
926 2048 995 2090 cui
1007 2048 1118 2106 juris
1136 2047 1290 2106 pudor,

297 2121 425 2161 Mens
443 2127 569 2170 casta,
589 2127 700 2161 recte
719 2119 901 2163 nobilem
919 2120 1216 2180 appellaveris:

297 2180 481 2244 Qualem
494 2191 560 2234 vel
580 2207 714 2234 unum
733 2193 884 2250 longus
902 2209 1014 2251 aegre
1031 2194 1237 2237 invenerit

294 2267 342 2308 In
363 2274 532 2308 centum
552 2265 792 2307 hominibus
810 2265 922 2308 mille
941 2276 1214 2324 quaerentum
1226 2268 1354 2311 labos.

709 2352 749 2392 4.
771 2339 1009 2396 Euripides
1026 2340 1213 2383 Electra.

352 2411 550 2469 Opinioni
570 2411 790 2453 credulum
809 2426 929 2453 vanae
947 2427 1096 2469 genus,

293 2486 578 2541 Nunquamne
597 2483 733 2542 posito
753 2500 892 2526 errore
911 2484 1078 2527 discetis
1097 2485 1207 2527 viros

292 2558 391 2600 Vita
408 2558 625 2609 aestimare,
647 2558 890 2615 nobilesque
909 2574 962 2601 ex
977 2559 1189 2602 moribus?

292 2631 355 2673 Hi
375 2630 574 2682 civitates,
594 2631 638 2672 hi
658 2630 804 2673 domos
822 2639 933 2674 recte
951 2641 1116 2689 regunt.

290 2704 351 2745 Et
370 2711 486 2745 vasta
505 2703 633 2746 moles
651 2713 694 2746 et
711 2703 961 2746 lacertorum
981 2705 1060 2746 tori

290 2778 415 2819 Mera
434 2786 531 2818 sunt
551 2777 630 2819 fori
650 2776 916 2821 simulachra:
948 2793 1024 2820 nec
1045 2778 1227 2820 securius
