1780 3178
459 226 928 275 FLommemM.
957 230 1150 288 T11.64.
1389 246 1471 296 155

144 333 226 385 Te,
248 332 439 387 Galatea,
459 350 610 378 canens
627 334 771 394 algoso
787 336 832 380 in
850 337 990 381 littore
1009 354 1164 393 seeum,

143 406 252 450 Solis
269 407 324 450 ab
342 417 508 462 exortu,
529 409 704 454 Veneris
721 410 801 454 sub
819 420 988 470 pectore
1006 413 1162 456 vulnus

143 481 311 524 Saevum
330 482 509 526 immane
527 499 691 541 gerens,
711 485 911 543 trajectus
928 485 1087 530 viscera
1105 487 1202 532 vele.

154 563 156 565 ’
633 571 704 615 34.
726 560 978 604 Menoender.

486 631 640 688 Nugoe.
686 631 842 676 Vultus
860 633 1075 690 quomodo

140 702 407 760 Quemquam
426 703 666 763 subigeret?
695 720 839 749 omnes
857 721 1000 759 unam,
1020 707 1067 750 id
1085 708 1119 750 si
1138 708 1261 760 foret,

137 775 354 828 Amareut,
374 777 547 834 quando
564 785 758 836 aspectus
770 779 983 837 judicium
1000 789 1064 823 est
1081 780 1206 824 idem.

138 849 203 890 At
221 847 331 892 forte
348 858 558 893 amantem
577 849 782 895 illecebrae
800 853 1114 897 consuetudinis

136 921 322 965 Trahere
338 931 568 980 putantur:
599 924 719 982 atqui
737 925 886 968 endem
905 926 1117 969 utentium

137 995 264 1038 Alter
281 996 341 1039 nfl
362 996 478 1040 triste
498 997 672 1055 patitur,
693 997 799 1056 quin
818 998 959 1041 ridens
977 999 1088 1042 abit:

136 1069 263 1112 Alter
281 1069 481 1127 disperiit.
532 1071 716 1115 Morbus
734 1071 862 1115 animi
881 1073 1041 1120 occasio
1057 1082 1143 1116 est:

138 1143 247 1186 Haec
265 1142 442 1201 siquem,
463 1152 512 1186 ut
531 1153 710 1202 oportet,
730 1144 860 1198 feriit,
879 1145 916 1188 is
933 1146 1089 1194 vulnus
1109 1146 1247 1190 trahit.

538 1282 842 1332 TrrULth
874 1249 1085 1333 LX1v.⁴

235 1375 606 1415 VITUPERATIO
633 1375 885 1422 VENERI&
911 1377 984 1416 ET
1009 1378 1213 1416 MALUM
1242 1378 1366 1418 ESSE

343 1447 598 1492 AMOREM,
625 1446 900 1488 QUAMQUE
925 1447 1250 1488 MULTORUM

497 1518 781 1559 MALORUM
809 1518 979 1558 CAUSA
1005 1519 1101 1561 SIT.

634 1605 671 1634 1.
689 1592 970 1651 monogenes.

147 1697 150 1701 >
191 1664 366 1716 Quoties
384 1664 536 1707 amoris
553 1664 714 1707 retibus
732 1665 846 1722 capti
864 1680 1024 1718 sumus,

135 1735 406 1793 Benigniores
426 1745 527 1779 tunc
545 1736 589 1779 in
608 1736 765 1780 alienos
784 1752 945 1790 sumus,

134 1810 270 1860 Quam
289 1824 397 1866 quos
414 1809 675 1852 necessitudo
686 1809 833 1868 junxit
852 1810 1078 1868 sanguinis.

497 1893 539 1924 2.
560 1882 803 1924 Menander
829 1883 1109 1926 venerabibus.

190 1954 418 1996 Amantem
438 1954 472 1996 si
492 1954 588 2012 quis
602 1963 741 1997 mente
759 1955 892 1998 credit
910 1956 1152 2013 proeditum‚

133 2025 222 2068 Ubi
241 2025 311 2068 ille
329 2041 469 2068 rerum
488 2026 684 2079 inveniet,
705 2043 863 2085 quaeso,
883 2029 1132 2072 amentiam?

702 2115 745 2158 3.
766 2102 897 2144 Idem.

171 2157 338 2216 'Unum
356 2174 465 2217 inter
483 2174 670 2218 homines
689 2175 848 2218 consilii
866 2184 930 2219 est
948 2191 1111 2234 expers,
1131 2192 1263 2220 amor.

257 2246 261 2250 ’
521 2260 562 2301 4.
582 2248 819 2305 Euripides
838 2248 1071 2306 Antigona.

188 2322 411 2364 Amabam.
461 2321 719 2365 Hominibus
738 2321 947 2364 maximus
964 2322 1084 2365 furor
1101 2331 1164 2365 est
1182 2338 1309 2366 amor.

611 2407 654 2451 5.
675 2395 795 2438 Idem
813 2396 980 2437 Danae.

188 2468 276 2509 Res
295 2467 426 2510 otiosa
443 2476 486 2510 et
504 2467 643 2525 operis
661 2475 724 2510 est
741 2467 909 2525 fugiens
926 2482 1058 2518 amor,

130 2539 215 2582 Cui
234 2539 402 2597 specula
419 2555 532 2582 curae
551 2540 766 2597 tinctaque
786 2539 829 2581 in
848 2539 1005 2582 flavum
1025 2555 1159 2582 coma.

130 2611 234 2654 Odit
252 2611 424 2654 labores.
475 2613 573 2654 Hoc
593 2611 669 2655 tibi
690 2610 856 2668 signum
875 2626 994 2668 cape,

130 2683 256 2735 Quod
275 2698 397 2726 nemo
414 2684 570 2727 amavit
587 2684 814 2742 quaeritans
834 2684 991 2727 victum
1012 2685 1131 2742 stipe.

131 2761 330 2817 Regnum
350 2758 418 2801 ille
438 2758 572 2801 mollis
591 2758 698 2801 inter
717 2758 938 2816 opulentos
953 2766 1082 2809 tenet.
