1780 3178
349 273 426 314 104
749 256 1012 304 IOANNIS
1045 259 1283 304 STOBAEI

340 370 406 410 At
427 368 651 410 universim
671 367 874 426 plurimas
894 370 1024 415 urbes⁴
1041 369 1172 421 vides,

343 443 450 494 Quae
462 443 554 500 jam
574 442 788 501 desipiunt
806 444 905 486 inde
925 459 950 486 a
968 443 1113 487 multo‘
1123 453 1322 502 tempore.

339 516 470 557 Forte
490 515 725 573 interpellet
745 515 911 573 aliquis,
930 524 987 569 et,
1009 532 1086 559 cur
1103 517 1184 560 hoc
1201 517 1294 560 loco

342 588 436 632 Sint
455 589 611 646 pariter
630 605 788 642 omnes,
809 599 984 648 quaerat.
1035 592 1156 648 Ergo
1175 607 1202 634 a
1220 607 1288 635 me
1305 592 1463 636 audiat.

341 664 616 721 Quaecunque
636 664 793 707 circum
814 665 949 722 spatia
969 665 1130 708 telluris
1148 675 1309 724 patent,

339 736 541 794 Olympia
558 737 649 780 haec
670 747 779 781 sunt.
831 738 954 782 Illam
971 740 1062 797 jam
1083 756 1248 783 scenam
1268 742 1428 800 aspice:

342 811 676 867 Spectacularem
698 827 790 855 eam
810 826 898 855 esse
917 813 1126 871 persuade
1145 814 1234 856 tibi.

339 884 459 925 Esto.
512 883 627 935 Quid
646 884 750 927 inibi
769 885 956 928 civitates
975 900 1090 928 nunc
1109 890 1269 944 agunt?

342 958 559 1001 Venerunt
578 958 762 1002 libertati
782 960 959 1003 facturae
980 966 1110 1013 sacra,

342 1032 551 1084 Quoniam
573 1033 742 1076 tributis
760 1032 947 1077 liberatae
967 1035 1223 1078 sunt‘modo.

343 1105 427 1148 Sed
446 1114 670 1164 postquam
691 1122 716 1149 a
735 1123 852 1150 sacro
863 1117 1040 1151 ventum
1061 1118 1136 1162 est,
1157 1108 1250 1152 illas
1268 1110 1453 1167 perdidit

344 1179 558 1223 Conviviis
578 1180 788 1239 excipiens
807 1181 861 1235 de
879 1181 949 1224 die
967 1180 1011 1224 in
1032 1182 1143 1226 diem

343 1254 427 1296 Per
446 1254 629 1298 multum
650 1265 818 1314 tempus
835 1256 988 1314 hospes
1005 1255 1300 1315 imprudentia.
1377 1299 1382 1301 .

339 1327 453 1370 Tum
473 1329 651 1386 geminae
671 1330 726 1376 ad
745 1330 836 1377 illas
855 1325 1331 1375 accesserunt‘mulieres

342 1402 449 1452 Quae
468 1411 619 1447 cuncta
637 1405 956 1453 conturbarunt.
1009 1402 1283 1463 Optimatitas

342 1475 424 1516 Est
442 1490 594 1519 nomen
614 1477 749 1531 alteri,
771 1477 890 1521 alteri
913 1477 1197 1536 Popularitas,

343 1549 534 1600 Quarum
554 1550 729 1594 incitatu
749 1552 914 1610 pridem
933 1561 1163 1596 externatae
1181 1554 1342 1597 furunt.

727 1657 794 1699 28.
816 1657 1123 1716 Arisagphcmes
1143 1659 1297 1702 Ranis.

401 1744 570 1787 Civium
591 1760 698 1802 quos
718 1760 871 1802 genere
890 1745 1038 1799 claros,
1058 1762 1166 1804 quos
1186 1748 1396 1791 modestos
1415 1750 1623 1805 novimus,

340 1818 371 1858 J
374 1817 461 1859 uris
480 1827 522 1860 et
542 1817 629 1860 veri
650 1827 828 1871 tenaceS‚
849 1827 960 1862 recte
978 1829 1175 1874 moratos,
1196 1822 1365 1879 probos,

341 1891 395 1932 In
416 1891 610 1948 palaestra
629 1892 889 1945 exercitatos,
912 1902 954 1936 et
972 1893 1123 1947 choris,
1145 1903 1188 1938 et
1206 1895 1379 1948 musica,
1452 1938 1454 1940 ,

343 1967 439 2008 Hos
458 1967 680 2025 fugamus:
713 1976 756 2010 at
776 1969 1007 2026 peregrinis
1027 1978 1070 2013 et
1088 1969 1219 2013 fabris
1238 1980 1281 2013 et
1301 1971 1508 2029 Byrrhiis‚

342 2039 508 2082 Genere
527 2055 725 2098 nequam,
746 2049 885 2085 mente
905 2057 1102 2099 nequam,
1124 2043 1329 2087 tradimus
1346 2046 1663 2104 rempublicam,

341 2112 500 2155 Civitas
519 2113 675 2170 quibus
694 2113 792 2156 olim
814 2114 944 2157 nollet
962 2116 1025 2158 uti
1045 2131 1124 2174 pro
1142 2116 1319 2174 piaculo.
1706 2109 1714 2112 ,

338 2187 466 2229 Nunc
486 2195 530 2229 at
548 2186 756 2230 insensata
776 2187 945 2231 tandem
966 2189 1106 2242 turba,
1128 2190 1257 2233 versis
1276 2193 1477 2247 moribus,

338 2260 512 2303 Nobiles
531 2260 728 2304 adhibete
748 2262 887 2304 rebus.
941 2262 1091 2321 Siquid
1111 2264 1274 2307 eveniet
1293 2265 1413 2319 bene,

339 2335 473 2376 Recte
493 2334 594 2378 erit:
628 2335 692 2378 sin
711 2336 820 2378 male
840 2336 1050 2390 ceciderit,
1072 2346 1256 2381 attamen
1276 2340 1489 2398 sapientiae

337 2408 443 2451 Pars
462 2409 554 2460 erit,
575 2409 663 2466 pati
685 2409 802 2466 quod
820 2410 960 2462 instat,
983 2411 1132 2454 arbore
1151 2428 1203 2455 ex
1224 2412 1354 2470 digna
1373 2415 1472 2472 pati.

845 2513 910 2556 29.
933 2502 1178 2559 Euripides.

570 2587 591 2616 h
605 2588 746 2630 Urbes
765 2587 966 2647 prospero
987 2600 1124 2634 servat
1143 2600 1254 2635 statu

340 2659 508 2716 Legum
529 2675 740 2704 sacrarum
761 2661 939 2719 diligens
959 2665 1159 2707 custodia.

803 2835 817 2854 ‘¹
839 2834 936 2866 Refer
953 2834 992 2865 ad
1008 2833 1077 2866 Tit.
1094 2834 1213 2866 XLIV.
