1780 3178
362 250 443 319 176
764 253 959 296 IOANN
963 255 985 296 I
991 255 1019 297 S
1053 256 1297 299 STOBAEI

778 374 842 418 13.
865 362 985 404 Idem
1003 363 1272 422 Melanippa.

816 437 915 478 Sors
930 436 1117 494 conjugii

355 508 516 560 Media,
537 517 580 551 et
597 523 728 566 parvo
748 518 943 552 contenta
961 509 1127 563 domus,

353 582 609 625 Mortalibus
627 582 787 640 optima
804 598 870 625 res
889 592 963 625 est.

756 670 821 710 14.
840 657 960 699 Idem
974 658 1281 700 Andromacha.

740 729 902 775 ‚Multo
921 730 1121 787 optatius,

350 803 566 845 Generum
586 811 660 844 aut
679 802 860 845 amicum
878 818 1107 861 pauperem
1127 804 1300 862 adipisci
1318 820 1366 847 ac
1386 805 1582 863 probum,

348 877 486 928 Quam
506 874 678 917 divitem
697 889 972 932 pravumque.
1022 876 1093 918 Tu
1113 876 1241 920 nullae
1261 892 1304 919 es
1323 877 1394 920 rei.

723 1099 1026 1150 TITULUS
1059 1102 1308 1152 LXXIII.

655 1224 1023 1264 VITUPERATIO
1050 1225 1369 1265 MULIERUM.

861 1338 897 1367 1.
918 1326 1167 1383 Euripides.

398 1397 472 1439 Vis
492 1411 603 1440 saeva
620 1396 845 1448 fluctuum,
864 1396 927 1439 ira
945 1401 1052 1455 qnos
1070 1398 1189 1455 ponti
1208 1398 1311 1441 ciet:

341 1472 463 1513 Saeva
481 1479 543 1512 est
562 1477 604 1512 et
623 1469 732 1527 ignis
751 1470 904 1523 anima,
926 1481 968 1514 et
987 1472 1120 1515 amnis
1139 1472 1340 1515 vortices:

339 1546 426 1587 Res
447 1559 557 1587 saeva
576 1552 759 1602 egestas:
782 1561 901 1588 *saeva
922 1555 1020 1589 sunt
1039 1546 1152 1588 mille
1171 1545 1312 1588 altera.

338 1619 502 1660 Tamen
522 1617 696 1660 muliere
715 1618 864 1661 saevius
883 1619 1047 1661 nullum
1067 1629 1130 1663 est
1147 1620 1318 1662 maium.

337 1692 437 1733 Non
457 1691 569 1733 ullus
588 1691 710 1733 istam
729 1691 878 1753 pingat
896 1707 1126 1734 aerumnam
1145 1692 1281 1735 coior:

336 1765 435 1819 Non
456 1764 542 1806 ulla
561 1765 721 1822 fingent
739 1766 880 1808 verba.
928 1766 1055 1818 Quod
1075 1765 1107 1808 si
1128 1767 1223 1823 quis
1238 1767 1358 1808 Deus

335 1838 462 1879 Hanc
481 1837 650 1895 reperit,
671 1837 782 1880 idem
802 1838 993 1896 quisquis
1012 1847 1074 1881 est
1093 1839 1245 1881 summi
1265 1839 1364 1881 mali

336 1911 391 1952 Se
410 1910 511 1953 sciat
529 1910 718 1968 opificem
738 1910 978 1953 hominibus
997 1911 1322 1954 infestissimum·

846 1998 883 2029 2.
906 1986 1156 2028 Menander.

736 2057 918 2099 Periculi

332 2130 420 2172 Res
438 2130 562 2187 plena
581 2137 644 2171 est
663 2129 813 2171 mulier
832 2139 942 2172 recte
961 2146 1058 2173 cum
1078 2131 1156 2173 fari
1175 2132 1330 2190 incipit.

358 2197 360 2199 ’
714 2216 754 2259 3.
776 2204 1013 2262 Euripides
1033 2205 1284 2263 Hippolyto.

386 2275 498 2319 Odio
517 2275 741 2319 mulierum
761 2286 909 2334 peetus
925 2277 1085 2335 expleri
1100 2279 1257 2336 nequit.

328 2349 520 2391 Pet-eant.
572 2349 662 2390 Nec
681 2348 828 2391 eadem
847 2363 914 2391 me
932 2349 1069 2406 pudet
1088 2365 1251 2408 semper
1269 2350 1401 2408 loqui,

327 2419 508 2473 Quando
527 2435 614 2463 esse
632 2429 675 2463 et
693 2419 784 2462 illas
802 2436 887 2463 non
906 2421 1039 2479 pudet
1059 2437 1222 2480 semper
1240 2423 1380 2466 maias.

324 2495 423 2537 Aut
440 2492 571 2551 igitur
589 2493 680 2536 illas
698 2493 846 2536 melius
865 2503 915 2537 ut
932 2494 1076 2538 vivant
1095 2496 1212 2548 doce,

326 2568 423 2609 Aut
440 2574 583 2625 patere
601 2581 669 2609 me
688 2566 778 2609 illas
798 2582 932 2625 usque
951 2577 995 2611 et
1014 2583 1149 2626 usque
1167 2569 1376 2611 incessere.

832 2655 873 2697 4.
895 2644 1147 2687 Menander.

383 2714 525 2757 Grave
545 2724 607 2758 est
625 2715 778 2767 habere
798 2715 980 2759 foeminae
999 2716 1136 2759 verbis
1154 2716 1292 2760 fidem.
