1780 3178
373 244 454 288 142
770 231 1033 280 mmms
1062 236 1295 281 s'ronffil

859 342 927 383 26.
949 341 1067 384 Idem
1087 343 1200 386 Ione.

426 413 576 456 Servos
595 413 712 471 quod
731 424 865 457 unum
884 414 1023 458 facere
1040 425 1272 460 contemtos
1290 426 1428 476 potest

364 487 459 530 Vox
478 496 565 530 est:
597 487 641 530 in
659 488 749 531 aliis
767 488 899 532 libero
917 489 1046 532 distat
1063 489 1182 542 nihil,

363 561 616 619 Quicunque
635 570 817 604 mentem
838 576 982 605 servus
998 561 1226 620 ingenuam
1245 564 1365 621 gerit.

777 641 846 687 27.
867 633 1105 676 Menander
1123 634 1282 676 Puello'.

421 703 584 746 Servire
603 703 678 762 qui
698 703 755 746 sic
774 703 914 758 discit,
932 712 982 748 ut
1000 705 1180 764 excipiat
1198 706 1318 759 nihil,

363 776 408 819 Is
427 791 608 835 nequam
627 785 690 820 est
709 791 867 829 servus,
914 778 946 820 J
948 793 999 820 us
1015 778 1211 836 profandi
1230 779 1374 833 libere,

359 850 485 903 Quod
506 851 631 894 sensit
650 851 829 904 animus,
849 851 1028 904 dederis,
1047 852 1199 896 reddes
1217 854 1436 912 optimum.

454 908 460 914 ”
867 925 934 969 28.
956 926 1186 969 Philemon.

417 999 549 1050 Here,
571 998 761 1057 quisquis
780 1007 843 1043 est
861 999 988 1043 homo
1006 1010 1143 1055 natus,
1164 1004 1357 1060 quamvis
1376 1004 1527 1048 serviat

356 1070 397 1113 Is
417 1072 673 1125 servitutem,
695 1081 835 1116 tamen
853 1089 942 1117 esse
959 1074 1087 1118 homo
1105 1091 1190 1119 non
1209 1076 1372 1121 desinit.

789 1160 855 1205 29.
878 1149 998 1191 Idem
1017 1150 1259 1208 Migo-‹mte-

414 1221 544 1263 Servo
562 1220 672 1263 mala
691 1229 753 1264 est
771 1221 943 1265 fortuna
961 1223 1207 1281 delinquens
1226 1226 1375 1269 herus:

354 1293 524 1336 Partem
544 1293 683 1337 subire
702 1309 799 1337 nam
819 1295 1029 1339 malorum
1044 1297 1224 1355 cogitur.

762 1383 834 1427 30.
855 1371 1077 1430 Sophocles
1096 1373 1276 1417 Acrisio.

409 1443 636 1501 Fugitivus
655 1444 778 1487 arctis
795 1445 973 1488 vinquis
991 1447 1209 1499 coercitus,

349 1517 462 1569 Quin
480 1531 576 1574 quae
595 1517 761 1575 placent
779 1518 994 1576 loquatur,
1014 1520 1226 1579 ambigere
1244 1528 1309 1564 est
1325 1522 1455 1565 nefas*

720 1603 790 1647 31.
811 1591 1054 1634 Menmeder
1077 1593 1305 1637 messsalis.

404 1661 676 1721 Tranquillus
696 1665 859 1708 animus
878 1665 1009 1708 vitam
1028 1666 1218 1710 servilem
1237 1668 1364 1712 fovet.

864 1753 934 1797 32.
951 1742 1163 1785 Eubuhae.

403 1811 488 1863 Qui
508 1826 551 1853 se
570 1812 739 1870 fugitivi
758 1824 977 1870 gesserunt
995 1828 1075 1872 pro
1093 1812 1248 1867 liberis,

347 1883 480 1927 Multi
499 1894 725 1929 recurrunt
740 1886 917 1944 pristina
934 1887 990 1930 ad
1008 1889 1226 1947 praesepia.

846 1958 916 2016 33.
938 1958 1176 2019 ιδ’φῆοεὶεε.

402 2031 446 2074 Si
465 2044 617 2090 corpus
636 2031 751 2075 istud
770 2033 911 2087 servit,
932 2042 977 2077 at
995 2047 1114 2078 mens
1132 2035 1262 2080 libera
1280 2045 1353 2080 est.

838 2118 911 2163 34.
931 2104 1184 2151 Menander.

391 2174 460 2218 Et
477 2176 622 2219 civitas
639 2185 683 2220 et
701 2176 769 2220 lex
789 2186 832 2221 et
849 2178 1093 2237 perfugium
1112 2180 1218 2223 mihi

341 2247 401 2289 Et
411 2247 517 2305 justi
534 2249 690 2306 pariter
708 2259 837 2308 atque
855 2250 1001 2309 injusti
1019 2252 1168 2311 reg-ula

342 2321 487 2364 Herus
505 2322 776 2385 estgarbitrio
785 2323 909 2381 cujus
925 2339 995 2367 me
1011 2338 1184 2382 aequum
1204 2334 1267 2369 est
1285 2327 1436 2371 vivere.

840 2397 910 2453 36.
938 2397 1169 2456 maog-nis.

397 2466 495 2508 Non
515 2474 578 2508 est
596 2467 850 2524 mancipium
870 2477 984 2512 recta
1002 2469 1161 2513 cervice
1181 2471 1313 2514 tueri:

565 2541 663 2584 Sors
680 2541 838 2584 flexum
858 2555 997 2587 servos
1010 2544 1141 2601 jussit
1155 2545 1309 2588 habere
1327 2555 1470 2604 caput.

720 2663 723 2665 Α
743 2626 810 2670 27.
832 2617 1073 2674 Euripides
1090 2618 1259 2661 Medea.

394 2685 686 2744 Quodcunque
705 2687 825 2730 herili
843 2688 992 2732 cecidit
1010 2690 1233 2735 adversum
1253 2691 1393 2746 domn,

337 2758 386 2799 ld
407 2759 521 2800 triste
542 2759 647 2801 servi
667 2761 793 2804 corda
812 2748 997 2818 percellit
1015 2763 1147 2820 probi.
