1838 3276
441 261 500 310 54
842 249 1097 293 IOANNIS
1129 248 1375 292 STOBAEI

442 364 610 409 Bellum
629 363 781 422 aliquis
797 364 907 423 gerit
924 364 969 408 in
987 379 1131 408 mensa
1149 372 1192 406 et
1209 363 1368 406 fartum
1387 377 1441 405 ex
1459 360 1652 404 hostibus

443 439 576 483 Facit.
628 440 761 481 Hunc
781 447 828 481 tu
848 437 948 480 forti
967 437 1135 480 vindica
1153 436 1341 480 silentio:

444 512 632 556 Collecta
648 511 744 554 bilis
762 511 806 553 in
824 510 988 569 patinas
1006 509 1218 552 desaeviat.

444 587 528 629 His
547 586 688 638 tantis,
708 585 844 643 pueri,
863 600 932 627 me
950 599 1094 643 parem
1113 583 1292 642 negotiis

443 660 611 703 Natura
628 658 798 717 genuit:
830 673 928 700 nam
947 656 1051 700 mihi
1067 656 1223 699 adsunt
1242 655 1398 708 omnia,

444 735 551 786 Quae
570 733 713 776 adesse
732 740 898 791 oportet
916 730 977 782 de*
988 730 1124 774 alieno
1144 730 1396 781 viventibus,

444 809 612 860 Fames,
631 807 815 865 pigritia,
835 814 995 859 venter,
1015 804 1279 863 impudentia
1293 821 1306 846 ε

443 881 592 937 Atque
610 878 717 922 adeo
735 894 848 922 nunc
867 894 936 921 me
953 893 1030 921 rex
1050 877 1276 936 Lydorum
1295 876 1478 919 divitum

445 951 646 995 Amicum
666 951 802 995 voluit
825 966 928 1004 esse,
949 959 992 994 et
1009 950 1229 993 convivam
1248 948 1339 992 sibi.

811 1064 815 1065 ⁷
891 1095 1196 1147 'rrruLth
1227 1096 1341 1146 xv.

838 1215 913 1254 DE
941 1213 1394 1254 PRODIGALITATE.

962 1328 998 1357 1.
1020 1315 1274 1357 Menwnder.

507 1388 633 1441 Quod
653 1388 879 1446 patrimoni
899 1388 1166 1431 devoratores
1185 1387 1249 1430 sui

450 1464 566 1507 Bene
585 1463 780 1516 audiunt,
800 1464 844 1506 id
864 1463 955 1507 aliis
974 1462 1132 1522 expetit
1150 1462 1272 1505 male.

885 1549 924 1579 2.
944 1537 1128 1596 Euphro
1150 1537 1353 1580 Geminis.

509 1609 594 1661 Qui
613 1624 656 1651 se
675 1617 879 1668 nepotans
898 1609 1025 1652 rebus
1043 1608 1199 1651 evolvit
1219 1608 1319 1661 suis,
1385 1616 1392 1619 “

450 1682 605 1726 Aliena
622 1691 734 1726 recte
751 1682 964 1741 quomodo
981 1690 1100 1725 curet
1117 1681 1256 1724 bona?

710 1756 940 1799 Lucianus.
964 1754 1162 1812 [Anthol.
1186 1755 1276 1799 Pal.
1299 1755 1387 1797 IX.
1406 1755 1532 1814 367]

452 1829 649 1873 Luxuria
667 1844 868 1881 marcens,
889 1829 1045 1872 insanae
1063 1844 1180 1872 more
1193 1829 1398 1887 juventae,

508 1904 541 1945 J
542 1911 717 1946 actasset
735 1903 893 1961 patrias
911 1918 1009 1945 cum
1029 1903 1278 1946 Proculeius
1295 1917 1411 1961 opes,

452 1975 640 2018 Indoluit
659 1975 826 2028 Volero,
846 1976 1061 2034 quondam
1080 1975 1280 2034 genitoris
1298 1976 1471 2028 amicus,

510 2050 562 2092 In
580 2050 731 2093 misera
742 2050 944 2108 juvenem
962 2049 1103 2093 vivere
1120 2050 1344 2109 pauperie:

455 2121 569 2174 Quin
589 2121 707 2165 dedit
726 2130 768 2165 et
786 2122 1040 2180 lachrymas:
1063 2131 1192 2181 atque
1208 2123 1253 2165 in
1272 2139 1349 2166 sua
1367 2131 1477 2167 tecta
1495 2131 1678 2183 recepto,

512 2195 668 2238 Noster
687 2195 781 2248 eris,
802 2195 924 2248 dixit,
945 2211 1030 2238 non
1050 2196 1138 2239 sine
1157 2196 1256 2239 dote
1273 2212 1414 2255 gener.

455 2268 536 2312 Ille
556 2268 629 2311 sed
648 2278 829 2328 aspecto,
850 2270 968 2327 quod
986 2286 1071 2314 non
1092 2270 1345 2329 speraverat,
1365 2287 1471 2314 auro

511 2342 587 2385 Ad
607 2353 767 2386 veteres
787 2353 951 2387 sumtus
969 2353 1153 2402 notaque
1173 2345 1328 2388 damna
1346 2345 1468 2388 redit.

455 2416 676 2476 Dilapidat
693 2434 856 2471 censuS‚
877 2418 1106 2462 concedens
1124 2418 1265 2462 omnia
1281 2418 1417 2462 ventri

512 2491 575 2533 Et
593 2507 690 2548 quae
710 2491 789 2534 sub
809 2502 996 2535 ventrem
1015 2492 1221 2535 deteriora
1238 2492 1382 2535 latent.

458 2563 526 2607 Sic
545 2563 752 2607 infelicem
772 2565 1039 2608 Proculeium
1059 2581 1204 2608 rursus
1222 2574 1383 2624 egestas

515 2636 736 2695 Absorpsit
754 2636 875 2679 reflui
894 2636 1074 2695 gurgitis
1093 2637 1260 2680 illuvie:

459 2708 640 2767 Fletque
657 2709 809 2752 iterum
830 2709 997 2762 Volero,
1018 2725 1102 2752 non
1121 2710 1236 2753 hunc
1254 2725 1381 2768 quem
1401 2710 1572 2754 fleverat
1590 2718 1703 2762 ante,
1788 2715 1793 2727 ''

519 2782 603 2825 Sed
622 2781 764 2854 dotem
784 2790 826 2826 et
845 2790 954 2826 natae
973 2782 1110 2826 flebile
1129 2782 1397 2841 conjugium:
