1838 3276
416 314 448 354 4
741 333 744 335 .
823 294 1087 337 IOANNIS
1120 292 1358 336 STOBAEI

993 422 1034 464 5.
1057 407 1187 449 Idem.

476 480 620 523 Pudet
638 479 840 536 pigetque
858 486 972 520 recta
991 484 1217 519 sectantem
1237 474 1375 515 virum

419 557 606 598 Pravum
626 553 776 598 vocari.
831 551 996 611 Scilicet
1016 549 1119 592 disci
1139 557 1279 607 potest

418 630 480 672 Et
498 628 590 686 ipsa
608 626 765 669 virtus:
798 640 943 667 sensus
961 623 1172 665 infantum
1192 621 1311 663 rudis

419 703 526 754 Quae
546 700 676 743 nescit
694 698 828 749 audit,
848 697 947 739 inde
966 705 1142 739 conatur
1159 695 1295 752 loqui:

419 776 538 817 Tum
557 790 653 831 quae
672 788 779 830 puer
798 770 895 829 quis
914 769 1075 820 didicit,
1096 768 1188 810 haec
1207 766 1367 824 gaudet
1386 779 1511 808 senex

419 845 680 889 Meminisse:
713 853 879 887 tantum
900 853 963 884 est
982 841 1119 903 indoli
1132 841 1310 903 formam
1330 838 1442 880 dare.

950 919 989 960 6.
1012 916 1221 957 Incertus.

475 992 644 1035 Virtute
663 990 781 1032 nulla
798 989 932 1032 carior
951 987 1153 1046 possessio
1172 997 1249 1038 est,

419 1069 527 1119 Quae
545 1065 676 1108 nescit
694 1079 799 1107 auro
819 1063 906 1106 sola
925 1078 967 1105 se
987 1077 1148 1104 servam
1169 1061 1284 1112 dare,

418 1138 580 1181 Vitaeve
599 1135 746 1187 amori,
766 1134 833 1177 vel
854 1133 1069 1185 Quiritum
1088 1118 1319 1191 plausibus.

417 1213 585 1255 Virtute
604 1226 690 1269 quo
710 1209 805 1268 quis
826 1208 963 1255 utitur
982 1207 1116 1265 magis
1135 1222 1183 1249 ac
1203 1206 1351 1263 magis,

418 1288 516 1330 Hoc
536 1286 608 1328 illa
626 1299 813 1328 crescens
834 1299 876 1325 se
896 1284 944 1325 fit
959 1282 1236 1325 excellentior.

918 1354 974 1412 ⁴7.
996 1357 1245 1414 Euripides.

474 1435 678 1476 Humana
697 1434 832 1475 virtus
852 1431 993 1475 omnia
1012 1431 1184 1474 antistat
1203 1431 1328 1473 bona.

884 1506 922 1547 8.
946 1505 1064 1547 Idem
1084 1505 1285 1562 Antiopa.

473 1583 575 1626 Tria
586 1583 717 1639 justa,
738 1580 813 1631 fili,
834 1588 876 1622 te
896 1590 1144 1637 peraequum
1165 1587 1227 1620 est
1247 1577 1423 1620 discere:

416 1657 531 1699 Deos
550 1654 698 1706 vereri,
720 1652 873 1695 deinde
891 1652 1101 1710 genitores
1121 1661 1230 1703 tuos,

414 1731 527 1772 Tum
548 1737 689 1771 sancta
710 1726 850 1770 Graiis
863 1726 975 1783 jura.
1029 1725 1156 1778 Quod
1171 1725 1205 1767 si
1224 1725 1384 1776 feceris,

417 1805 510 1846 Stat
529 1802 705 1860 pulchra
725 1801 801 1844 tibi
821 1815 974 1843 corona
992 1799 1172 1844 rumoris
1190 1799 1302 1842 boni.

868 1866 870 1868 ’
910 1890 949 1932 9.
973 1874 1262 1932 Bacchylides.

473 1958 492 1979 a
504 1950 632 1992 Unus
651 1948 707 1990 ad
726 1947 968 1991 felicitatem
989 1947 1104 1996 callis
1118 1934 1184 1990 ¹est
1203 1936 1465 1999 mortalibus,

413 2023 593 2080 Absque
612 2021 797 2065 cordolio
817 2022 934 2079 quod
955 2021 1035 2065 aevi
1055 2021 1231 2079 contigit
1250 2012 1544 2066 transmittere.

940 2109 1004 2141 10.
1027 2097 1234 2137 Incertus.

472 2169 495 2199 b
507 2169 616 2211 Mali
635 2178 698 2211 est
716 2168 906 2214 levamen
926 2185 1014 2211 esse
1035 2168 1122 2210 sine
1141 2168 1323 2225 negotio.

416 2242 543 2294 Quod
561 2241 806 2284 indecorum
826 2250 889 2284 est
909 2250 957 2284 tu
977 2257 1053 2284 nec
1073 2241 1189 2293 audi,
1210 2257 1286 2284 nec
1306 2241 1414 2287 vide.
1542 2239 1546 2241 ’
1572 2236 1576 2250 ’

416 2317 544 2357 Mens
564 2330 664 2356 sana
683 2330 784 2356 sano
804 2329 978 2372 corpore
999 2321 1062 2357 e'st
1081 2314 1359 2372 praestantior.

415 2388 655 2430 cModestia
673 2397 736 2430 est
756 2388 960 2430 servanda
979 2387 1160 2430 coenanti
1179 2388 1293 2430 foris.

413 2463 434 2493 d
448 2462 675 2505 Perhibere
694 2478 794 2505 vera
813 2478 976 2520 semper
994 2463 1227 2520 ingenuum
1247 2462 1378 2506 decet.
1396 2456 1398 2458 ¹
1481 2471 1484 2475 ’

415 2536 562 2577 Mores
581 2535 690 2577 tueri
710 2534 863 2578 liberos
882 2550 1083 2592 magnum
1103 2544 1220 2592 puta.
1456 2531 1458 2533 ’

416 2609 483 2649 Te
503 2608 681 2649 liberum
701 2608 789 2665 ipse
809 2609 996 2650 moribus
1014 2618 1169 2666 praesta
1188 2609 1284 2654 tuis.

416 2680 592 2723 Virtutis
612 2681 747 2723 omnis
766 2681 964 2723 horreum
985 2681 1190 2724 modestia
1208 2690 1281 2723 est.

458 2793 472 2806 ⁸
487 2786 586 2817 Refer
600 2787 641 2817 ad
652 2786 718 2818 Tit.
735 2787 860 2820 CVIII.
1150 2794 1162 2810 ⁹
1181 2790 1279 2831 Refer
1294 2790 1335 2821 ad
1350 2790 1416 2822 Tit.
1433 2789 1473 2821 V.

458 2839 472 2858 ¹²
488 2839 586 2871 Refer
601 2841 640 2871 ad
655 2840 725 2872 Tit.
742 2842 852 2873 XXX.
1152 2845 1165 2866 *¹
1185 2844 1281 2875 Refer
1296 2844 1336 2875 ad
1352 2843 1422 2876 Tit.
1437 2844 1500 2875 XI.
