1780 3178
451 288 918 332 FLORILEGIUM.
952 290 1056 333 Trr.
1079 294 1146 349 98.

520 400 591 457 36.
611 401 853 460 Euripides
868 403 1071 462 Απίίφα.

183 472 401 516 Permulta
418 472 672 527 hominibus,
691 474 890 533 hospites,
909 477 1085 521 veniunt
1103 478 1224 522 mala.

166 562 168 564 ’
614 558 688 604 37.
709 550 968 594 Menander.

180 619 369 680 Domum
388 635 486 677 quae
503 620 717 665 habitetur
735 622 870 666 omnis
889 624 1086 668 immunis
1106 626 1204 668 mali

123 693 326 750 Reperire
344 709 428 736 non
448 703 534 738 est:
566 696 639 738 sed
657 696 863 739 malorum
881 698 1042 756 copiam

122 767 212 810 Dat
227 768 400 811 fortuna
416 768 520 822 aliis,
541 769 631 812 aliis
652 770 755 813 dant
773 786 910 814 mores
930 772 1006 814 sui.

512 843 582 899 38.
600 843 841 901 Euripides
858 845 1058 903 Antiqua.

176 914 287 956 Vera
304 914 376 957 illa
393 915 511 974 vulgi
531 915 683 959 dictio:
714 916 836 960 illum
855 933 1055 977 prospere

119 987 265 1044 Agere
284 1003 447 1031 neeesse
465 998 553 1040 est;
584 1005 731 1033 rursus
749 991 864 1034 hunc
881 992 1149 1051 improspere.

499 1076 570 1121 39.
591 1065 711 1107 Idem
730 1066 1062 1125 Bellerophonte.

171 1136 270 1194 Ego
288 1152 342 1179 ex
363 1147 532 1180 vetusta·
544 1138 673 1181 nobili
693 1140 898 1183 sententia

119 1210 375 1254 Mox-talibus
392 1211 578 1269 pn‘mum
594 1227 683 1255 esse
700 1227 787 1255 non
805 1212 917 1255 nasci
930 1223 1049 1271 puto.

539 1297 614 1338 40.
633 1284 752 1327 Idem
765 1285 1021 1343 Emystheo.

170 1356 271 1398 Non
289 1356 412 1399 video
429 1372 516 1414 qua
534 1357 617 1400 sint
634 1357 752 1400 lanoe
770 1373 836 1400 res
854 1358 1094 1401 mortalium

113 1429 433 1482 Examinandae,
454 1438 504 1472 ut
523 1429 630 1487 quid
647 1430 701 1473 sit
719 1446 744 1473 e
761 1446 808 1473 re
821 1440 1032 1489 appareat.

668 1517 738 1558 4¹·
759 1505 893 1547 Idem.

169 1574 366 1619 Adversa
385 1576 529 1619 multis
547 1567 682 1619 multa
700 1586 800 1620 sunt
817 1577 1077 1628 mortalibus,

112 1649 304 1700 Quorum
323 1649 461 1707 figura
478 1659 542 1692 est
559 1648 700 1692 varia:
732 1664 809 1692 nec
827 1649 940 1692 oerni
958 1649 1086 1693 datur

111 1722 277 1765 Intacta
295 1738 392 1780 quae
411 1722 465 1766 sit
483 1722 571 1765 vita
590 1723 794 1765 Fortunae
810 1737 955 1765 manu.

581 1813 652 1854 42.
673 1801 793 1843 Idem
814 1802 960 1844 Oreste

168 1873 280 1914 Tam
301 1887 410 1915 saeva
429 1882 600 1931 tamque
618 1873 829 1915 horrenda
845 1872 962 1916 nulla
979 1873 1112 1916 oratio
1131 1882 1207 1924 est,

109 1947 200 1988 Nec
219 1946 305 1989 fors
323 1962 400 1990 nec
419 1947 481 1989 ira
498 1947 682 1990 caelitum
700 1947 932 1989 immissum
950 1946 1124 1999 malum,

108 2019 312 2061 Humana
330 2019 433 2076 quin
452 2030 605 2063 natura
621 2019 820 2078 patiendo
837 2019 883 2062 id
901 2020 1020 2063 ferat.

609 2107 679 2151 43.
701 2093 934 2152 Sqffwcles.
971 2135 974 2137 .

164 2165 303 2209 Illaesa
321 2165 417 2209 solis
437 2166 523 2210 vita
536 2181 729 2210 concessa
745 2175 808 2209 est
827 2166 945 2209 Deis.

661 2251 731 2293 44.
754 2240 887 2281 Idem.

160 2311 281 2354 Deus
297 2312 420 2365 alme,
441 2327 569 2370 quam
586 2326 795 2369 nusquam
813 2310 902 2353 ulla
920 2310 1079 2354 vitandi
1099 2310 1168 2353 via
1185 2318 1261 2362 est,

104 2386 194 2427 Aut
212 2385 348 2437 insita,
368 2395 444 2431 aut
461 2386 644 2429 immissa
661 2385 722 2446 tle⁴
734 2385 836 2428 caelo
854 2384 980 2428 mala!

580 2470 651 2515 45.
674 2459 789 2501 Idem
814 2459 959 2500 Tereo.

159 2529 332 2573 Vicibus
349 2531 526 2589 pingens
544 2532 763 2574 hominum
782 2531 913 2574 vitam

103 2603 250 2647 Varios
268 2605 395 2648 sumit
413 2607 547 2649 Poena
565 2605 732 2649 colores.

617 2681 687 2733 46.
710 2680 917 2721 Incertus.

160 2747 335 2799 Hilaris,
355 2763 452 2805 quae
471 2764 584 2792 nunc
602 2750 728 2802 lueet,
749 2758 926 2808 agatur:

103 2819 297 2863 Crastina
314 2820 432 2863 nobis
450 2829 512 2865 est
529 2836 639 2866 σῶαι
656 2821 756 2866 dies.

160 2905 258 2935 vm..
280 2906 343 2937 lv.
815 2908 843 2935 ιι

1381 306 1469 349 241⁴
