1780 3178
363 240 420 284 90
768 224 1024 268 IOANNIS
1057 222 1296 268 s'rOBAEI

933 348 975 393 7.
988 339 1127 382 'Idem-

417 416 531 456 Bene
551 428 674 471 agere
693 412 876 457 officium
896 421 959 455 est
976 411 1160 455 liberalis
1178 412 1333 469 ingeni.

925 486 966 527 8.
988 487 1121 528 Idem.

410 562 582 605 Bonitas
601 559 770 618 ingenio
790 558 970 617 praedita
989 558 1153 616 insigne
1173 567 1236 601 est
1254 558 1428 601 bonum.

884 647 924 689 9.
946 632 1167 690 Diphilus.

414 710 593 750 Beatum
613 706 799 749 efficiunt
816 705 1005 763 probitas
1024 714 1067 748 et
1085 704 1326 763 prudentia.

672 793 736 822 10.
757 779 1000 822 Menwnder
1023 780 1380 838 Consanguim’is.

412 856 533 897 Bono
551 862 745 912 paratum
765 852 923 896 nomini
942 852 1141 895 viaticum
1160 861 1237 904 est,

355 926 567 985 Quicquid
587 936 706 985 paret
726 927 919 969 Fortuna
937 926 1088 983 quovis
1107 935 1307 984 tempore.

831 1014 895 1043 11.
918 1000 1034 1043 Idem
1054 1001 1220 1043 Pelliee.

755 1076 977 1133 Quotquot
995 1084 1095 1118 sunt
1114 1075 1230 1127 boni,

354 1151 449 1192 Hos
468 1148 556 1207 ipse
575 1157 743 1192 revocat
761 1148 817 1191 ad
837 1164 956 1192 suam
974 1164 1119 1192 curam
1140 1150 1273 1193 Deus.

913 1235 976 1268 12.
999 1223 1130 1266 Idem.

411 1296 553 1339 Etiam
574 1296 617 1338 in
636 1296 846 1354 perplexis
860 1295 988 1339 rebus
1006 1296 1071 1338 vir
1089 1297 1228 1339 bonus
1248 1297 1342 1340 usui
1362 1306 1437 1340 est.

842 1382 910 1427 13.
931 1370 1209 1428 Antiphatae-5.

409 1443 590 1486 Honesti
608 1457 743 1487 mores
761 1442 970 1501 optimum
989 1442 1216 1500 peculium.

841 1528 905 1569 14.
927 1516 1199 1575 Poeidrsppus.

408 1591 496 1632 Ars
514 1588 737 1632 familiares
756 1588 920 1646 peperit
939 1588 1057 1631 haud
1075 1604 1234 1647 paucos
1252 1589 1382 1632 mihi:

350 1664 500 1707 Plures
518 1663 672 1706 amicos
690 1662 928 1720 comparavi
947 1662 1149 1706 moribus.
1226 1670 1231 1674 '

853 1749 917 1791 15.
940 1736 1176 1780 Pirithous.

406 1818 429 1839 ¹¹
444 1809 681 1853 Securiores
698 1808 792 1866 lege
811 1818 910 1852 sunt
929 1825 1066 1853 mores
1083 1810 1207 1853 boni:

350 1885 434 1927 His
453 1899 634 1942 namque
652 1883 846 1927 fraudem
865 1883 1008 1927 nullus
1027 1891 1169 1928 orator
1188 1884 1304 1938 facit,

350 1959 474 2002 Illam
492 1958 668 2017 repertis
688 1974 797 2017 saepe
815 1958 892 2016 qui
911 1958 1123 2003 coloribus

350 2035 527 2076 Sursum
547 2032 743 2075 deorsum
761 2031 888 2075 vertit
905 2040 1035 2090 atque
1053 2031 1280 2075 adulterat.

772 2097 775 2098 ’
823 2107 887 2150 16.
909 2107 1211 2164 Epicharmus.

362 2205 365 2207 -
406 2178 515 2219 Sunt
534 2175 598 2218 sui
617 2190 752 2218 mores
770 2176 922 2233 cuique
940 2175 1008 2219 vel
1028 2177 1149 2220 Deus
1169 2175 1235 2219 vel
1256 2175 1438 2223 Vedeus.

851 2259 916 2303 17.
944 2249 1175 2308 ΤΙιεοςπὶε.

344 2331 375 2351 w
389 2323 562 2379 Semper
581 2321 740 2379 quippe
759 2321 880 2364 bonis
897 2321 1125 2379 prudentia
1136 2322 1289 2380 juncta
1306 2323 1563 2382 pudorque:-

431 2394 515 2437 Sed
535 2408 718 2452 quorum
738 2403 882 2438 nostro
900 2402 1088 2452 tempore
1107 2410 1203 2441 rara
1221 2411 1351 2453 seges-

843 2469 908 2510 18.
930 2469 1183 2512 Menander.

400 2544 487 2585 Res
505 2541 643 2584 hercle
662 2542 717 2584 ad
737 2557 879 2584 omnes
897 2542 1084 2600 probitas
1103 2542 1302 2587 eximium
1321 2542 1479 2585 bonum
1500 2551 1578 2594 est,

343 2617 551 2660 Viaticum
569 2617 666 2659 vitae
686 2616 815 2674 hujus
833 2617 1089 2661 admirabile.

511 2790 527 2805 '¹
543 2783 640 2815 Refer
655 2784 695 2815 ad
711 2783 779 2816 Tit.
794 2783 915 2815 XLIV.
1078 2791 1100 2805 ⁸·
1115 2785 1214 2816 Refer
1228 2785 1269 2816 ad
1285 2784 1356 2817 Tit.
1371 2785 1499 2817 xxm.
