1838 3276
371 266 418 294 ιο
770 252 1024 295 10ANNIS
1057 255 1300 298 STOBAEI

810 434 1113 489 TIT-ULUS
1143 435 1245 489 111.

810 558 884 596 DE
914 558 1245 609 PRUDENTJA.

879 673 914 701 1.
937 659 1179 718 AEschylus.

418 732 582 775 Adesto
600 732 740 784 rebus,
762 733 964 790 quodque
982 743 1149 792 oportet
1168 734 1247 777 hoc
1266 750 1355 792 age.

362 807 460 849 Non
479 806 612 848 multa
635 806 709 863 qui
729 805 819 858 scit,
841 806 914 848 s'ed
933 805 1051 864 quod
1069 802 1132 850 est
1152 820 1204 849 ex
1222 822 1282 859 re,
1304 808 1424 866 sapit.
1490 808 1492 810 ’

880 892 917 920 2.
940 881 1176 937 Srspkoczes.

820 954 1017 1004 Quaestus
1036 969 1121 996 non
1141 963 1279 1012 potest
1299 955 1433 1012 major
1451 954 1556 1005 dari,
1614 983 1637 988 ·-

361 1027 499 1077 Quam
518 1039 634 1066 mens
654 1024 827 1067 subacta
845 1024 1002 1082 regulis
1019 1024 1268 1083 prudentiae.

864 1111 905 1154 3.
928 1099 1180 1142 Memmder.

416 1173 500 1214 Per
518 1170 630 1213 mille
649 1170 770 1213 nobis
788 1165 850 1213 m
868 1171 1097 1214 sutelarum
1116 1172 1263 1214 modos

359 1246 614 1302 Imponunt:
647 1252 696 1286 ut
711 1244 785 1301 qui
804 1244 902 1303 plus
919 1244 1088 1302 ingenio
1105 1245 1301 1302 polleant.

880 1331 929 1372 -4.
952 1320 1158 1362 Incertus.

413 1391 557 1434 Etiam
577 1390 700 1433 celari
718 1390 753 1432 si
773 1390 879 1447 quid
899 1399 941 1432 te
959 1392 1216 1448 cognoveris,
1294 1411 1297 1425 r
1321 1426 1324 1429 Α

356 1465 424 1508 Ne
442 1480 531 1523 prae
551 1472 593 1507 te
611 1465 730 1506 ferto.
772 1465 886 1507 Nam
906 1479 972 1506 res
990 1464 1305 1522 perplexissima
1323 1475 1387 1509 est
1459 1484 1461 1486 ·

356 1538 413 1581 Id
432 1538 549 1590 scire,
570 1547 612 1580 te
631 1537 749 1595 quod
767 1536 874 1579 alius
893 1537 1074 1580 celatum
1094 1538 1230 1581 velit(

797 1621 838 1666 5.
861 1605 1084 1669 Sqahocles
1104 1613 1244 1669 Ajace.

413 1684 458 1727 Si
477 1683 648 1727 dabitur
666 1683 754 1726 istis
773 1683 964 1726 moribus
981 1684 1162 1737 licentia,

352 1757 383 1799 J
385 1772 453 1799 am
472 1756 589 1799 nulla
607 1756 761 1814 poterit
779 1757 994 1815 perrogari
1014 1758 1188 1801 sanctio:

327 1846 330 1848 ·
351 1830 395 1872 Si
409 1830 507 1887 jure
527 1830 659 1872 victor
677 1829 719 1871 vi
738 1835 854 1872 mera
871 1831 1180 1884 exturbabitur,

351 1904 569 1946 Postrema
587 1902 725 1960 primi,
747 1903 883 1961 prima
902 1905 1102 1961 postremi
1121 1905 1269 1948 ferent.

351 1977 465 2029 Quin
484 1977 564 2020 ista
584 1987 682 2020 sunt
700 1976 941 2035 linquenda.
990 1980 1092 2022 Non
1108 1979 1260 2038 ‘populi
1281 1979 1359 2023 sita
1377 1989 1439 2024 est

350 2050 405 2091 In
424 2049 532 2092 mole
551 2059 668 2093 vasta
687 2051 872 2108 corporis
893 2052 1104 2105 securitas,

350 2121 435 2164 Sed
443 2130 592 2164 -mente
612 2123 802 2180 quisquis
821 2132 1008 2181 praestat,
1029 2125 1253 2183 imperium
1273 2127 1443 2170 obtinet.

347 2196 433 2237 Bos
452 2195 583 2238 latera
602 2204 744 2238 tantus
754 2197 843 2240 -su'b
852 2198 1110 2256 *magisterio*
1122 2208 1262 2244 tamen

349 2269 512 2312 Tenuis
530 2269 684 2327 flagelli
702 2280 840 2314 rectus
858 2272 1153 2316 incefflvviam.

778 2346 816 2386 6.
837 2346 1079 2387 Menander
1098 2347 1246 2389 Incito.

749 2415 833 2467 Qu'i
855 2417 965 2460 valet
983 2418 1222 2475 prudentia,

345 2486 386 2527 Is
405 2500 504 2527 vero
524 2496 586 2528 est
604 2497 720 2529 vates
739 2498 780 2530 et
799 2489 1012 2532 consultor
1030 2490 1225 2548 optimus.

919 2572 960 2617 7.
981 2563 1111 2605 Idem.

402 2631 563 2673 Rerum
582 2631 837 2690 optimarum
856 2634 1040 2677 effectrix
1061 2643 1124 2678 est
1143 2635 1336 2687 sollertia,

344 2703 414 2747 Ad
434 2713 546 2747 recta
563 2714 606 2747 et
626 2721 725 2748 sana
745 2722 832 2750 sese
851 2706 886 2750 si
905 2708 1166 2751 converterit.
