1780 3178
340 242 396 284 72
739 226 998 271 IOANNIS
1030 227 1276 271 STOBAEI

858 356 899 399 3.
921 342 1173 384 Menander.
1214 374 1217 377 »

404 415 657 473 Quicunque
675 415 838 458 foedum
859 414 1046 457 admittit
1063 414 1240 472 aliquid,
1256 414 1498 473 Pamphile,
1560 415 1564 419 ”

349 490 448 535 Non
467 489 583 531 videt
602 489 682 532 hoc
701 489 816 547 ipse:
849 497 893 531 at
907 488 1015 531 alius
1030 488 1065 531 si
1084 488 1206 541 faxit,
1226 488 1354 532 videt.

510 575 552 615 4.
574 562 694 604 Idem
713 561 883 619 Aspida
935 560 1026 603 Alii
1043 560 1284 604 attribuunt
1302 561 1514 620 Euripidi.

408 635 608 693 Quisquis
628 635 745 694 quod
764 643 897 693 optat,
917 634 1063 692 nilque
1081 643 1298 693 praeterea,
1318 635 1449 688 videt,

351 709 488 753 Nimis
507 720 570 754 est
589 711 757 769 ineptus
775 711 962 759 veritatis
981 711 1149 754 arbiter.

865 794 906 841 5.
928 785 1178 843 Euripides.
1260 826 1264 828 .

410 857 533 901 Alios
551 859 724 917 quidem
742 859 913 917 culpare
934 859 1141 916 sapientes
1161 874 1331 902 sumus:

354 932 413 976 At
431 941 572 975 nostra
590 948 666 978 nos
686 932 838 977 delicta
856 948 942 975 non
962 932 1241 990 agnoscimus.

760 1092 1063 1141 TITULUS
1096 1092 1290 1141 XXIV.

773 1182 860 1244 'DE
891 1207 1271 1245 CONscmN'nA.

896 1323 932 1351 1.
954 1310 1173 1368 Diphilus.

420 1380 504 1432 Qui
523 1395 607 1423 non
627 1390 795 1425 veretur
813 1382 903 1440 ipse
924 1392 1068 1436 semet,
1088 1382 1278 1443 conscius

366 1455 454 1498 Sibi
473 1456 571 1498 maii
589 1457 783 1500 facinoris
800 1457 918 1515 quod
935 1457 1203 1510 commiserit,
1255 1444 1256 1449 ’

364 1529 450 1572 Hic
470 1531 683 1588 quomodo
701 1530 804 1593 alies
818 1531 978 1579 nescios
997 1532 1284 1580 reverebitur?

710 1617 748 1649 2.
769 1605 967 1663 Scriptor
984 1608 1108 1648 aurei
1129 1607 1356 1649 Gna-minis.

595 1680 713 1721 Ante
731 1678 833 1721 alios
853 1688 895 1722 te
913 1679 1099 1737 primum
1119 1680 1231 1723 disce
1250 1680 1396 1724 vereri.

875 1765 917 1808 3.
939 1753 1192 1796 Menander.

423 1823 542 1866 Mala
560 1839 691 1875 menS,
712 1824 848 1868 malus
866 1825 1042 1868 animus.
1094 1826 1297 1878 Quamvis
1316 1825 1648 1886 audacissimum
1686 1828 1694 1890 J

367 1898 455 1940 Sua
472 1912 635 1955 semper
653 1898 856 1956 pavidum
875 1899 1014 1943 reddit
1031 1900 1294 1944 conscientia.
1656 1888 1658 1890 .

881 1986 926 2028 4.
948 1975 1184 2033 Sophocles.

425 2043 551 2086 Furti
570 2052 738 2086 tenetur
756 2045 948 2104 quisquis
966 2046 1059 2104 ipso
1078 2047 1123 2089 in
1141 2048 1329 2100 crimine,

368 2115 570 2168 Quamvis
587 2116 767 2159 disertus
787 2116 914 2165 debet
931 2118 1193 2181 obticescere.
1255 2154 1257 2156 .

800 2203 841 2246 5.
862 2191 1100 2254 Euripides
1117 2193 1273 2235 Oreste.

424 2261 491 2303 M.
514 2261 633 2314 Quis,
653 2262 778 2305 miser
797 2264 961 2316 Oreste,
981 2273 1024 2307 te
1042 2264 1179 2308 malus
1196 2265 1371 2309 morbus
1388 2265 1569 2324 premit?

373 2335 420 2377 Ο.
442 2334 568 2377 Mens
586 2336 814 2393 perpetrati
832 2336 1027 2385 facinoris
1046 2337 1125 2380 sibi
1144 2338 1321 2382 conscia.

813 2453 816 2455 ,
855 2435 861 2438 -
893 2413 934 2454 6.
955 2413 1190 2470 Sophocles.

428 2485 616 2543 Egregia
633 2501 699 2528 res
718 2494 782 2528 est
802 2486 917 2531 testis
935 2486 1183 2534 innocentiae

375 2559 488 2601 Suus
506 2558 583 2601 sibi
603 2559 776 2603 animus.
1109 2596 1114 2605 „

873 2645 912 2689 7.
934 2635 1211 2693 Antiphanes.

431 2704 603 2747 Nullius
621 2721 708 2748 esse
726 2707 936 2750 conscium
956 2707 1118 2751 sceleris
1138 2708 1231 2760 sibi,

373 2775 512 2819 Vitam
532 2793 608 2835 per
626 2794 791 2822 omnem
811 2779 935 2838 plena
952 2796 1019 2824 res
1037 2790 1099 2825 est
1118 2781 1275 2839 gaudii.
