1780 3178
380 226 433 282 78
775 219 1036 263 IOANNIS
1067 218 1312 261 sTOBAE1

381 341 446 381 At
465 338 553 380 vita
566 335 700 378 mollis
719 343 847 392 atque
867 334 977 376 iners
995 333 1162 391 ignavia

378 412 517 455 Vitam
539 426 613 453 nec
632 409 851 452 hominum
870 422 946 450 nec
965 406 1112 449 domos
1131 405 1357 463 quicquam
1371 404 1537 461 juvant.

844 494 912 537 23.
934 480 1053 522 Idem
1078 479 1252 521 Cressis.

437 555 616 599 iBeatus
635 572 722 598 esse
741 570 826 598 non
844 554 1076 597 laborando
1094 553 1254 610 nequis.

379 630 657 688 Negotiorum
677 629 813 687 turpis
832 636 894 671 est
906 627 1056 686 juveni
1075 628 1195 685 fuga.
1256 648 1265 666 s

878 715 944 755 24.
967 702 1210 759 AEschylus.

435 776 642 819 Praeclara
660 776 817 818 discere
836 783 879 817 et
898 789 1038 817 senem
1057 789 1142 817 non
1161 774 1346 817 dedecet.

784 860 851 906 25.
874 849 1096 908 Sophocles
1124 850 1307 892 Vatibus.

433 924 552 967 Citra
570 923 754 966 laborem
774 937 928 980 magna
945 937 1031 964 non
1050 922 1177 965 datur
1195 922 1371 980 assequi.

894 995 961 1040 26.
983 996 1191 1038 Incertus.
1357 983 1359 985 ¹

431 1068 622 1111 Pretium
642 1075 704 1110 est
723 1065 876 1110 laboris
895 1066 1099 1125 quicquid
1119 1076 1182 1110 est
1199 1065 1426 1125 pulchrum
1446 1067 1620 1124 uspiam.

894 1151 960 1196 27.
983 1143 1191 1185 Incertus.

433 1217 625 1260 Inveniet
643 1216 792 1259 avidus
810 1205 963 1258 cuncta
980 1215 1209 1273 quaerentis
1226 1215 1356 1258 labor.

663 1290 729 1335 28.
751 1291 971 1332 Philemon
997 1291 1265 1333 Calumniam
1276 1304 1421 1349 passo.

428 1362 547 1408 Nihil
566 1373 629 1407 est
647 1363 764 1422 quod
782 1363 941 1406 homini
961 1378 1046 1406 non
1066 1363 1119 1406 sit
1137 1364 1390 1421 indagabile,
1458 1352 1466 1365 ⁵

372 1439 415 1480 Si
436 1438 687 1497 quaeritandi
706 1453 791 1480 non
807 1448 1023 1480 recusetur
1042 1437 1170 1479 labos.

928 1524 994 1568 29.
1016 1510 1147 1553 Idem.

430 1585 599 1643 Cupido
619 1583 760 1627 labore
780 1584 896 1642 quod
915 1584 1035 1642 cupis
1055 1584 1182 1627 dat'ur
1200 1584 1375 1642 assequi.

882 1683 886 1687 ·
925 1671 995 1715 30.
1018 1658 1148 1700 Idem.

428 1734 466 1775 O
487 1747 615 1790 quam
635 1731 808 1774 miseriis
827 1732 1011 1790 pristinis
1030 1733 1155 1775 dulce
1174 1740 1237 1775 est
1256 1732 1358 1774 frui!

370 1803 427 1848 Ni
448 1806 555 1848 male
573 1805 719 1855 fuisset
738 1813 849 1858 ante,
870 1806 1099 1864 gauderem
1119 1805 1270 1848 minus.

876 1887 946 1935 31.
974 1880 1194 1921 Carcinus.

425 1950 446 1982 k
460 1952 634 1995 Clarum
654 1952 850 2009 voluptas
869 1952 1024 1994 nemini
1043 1952 1206 2010 peperit
1226 1952 1365 1994 decus.

749 2038 818 2082 32.
841 2026 1081 2083 Euripides
1101 2026 1317 2068 Archelao.

423 2096 561 2140 Nemo
579 2098 751 2140 otiando
765 2098 942 2155 gloriam
961 2099 1126 2155 peperit
1146 2098 1248 2140 sibi:

367 2172 606 2214 Generosus
623 2170 750 2213 ardor
767 2170 953 2228 pascitur
971 2170 1196 2213 laboribus.

805 2258 875 2302 33.
897 2245 1044 2288 Alexis
1064 2245 1262 2288 Achaide.

423 2317 609 2370 Quaesita
628 2319 797 2361 tandem
817 2318 989 2361 dabitur
1007 2317 1189 2375 reperire
1208 2317 1362 2369 omnia,

366 2391 410 2433 Si
430 2407 514 2433 non
534 2391 719 2434 laborem
739 2391 893 2449 fugias,
914 2405 963 2434 ac
983 2399 1026 2434 te
1043 2391 1220 2433 deseras.

364 2466 476 2507 Nam
497 2464 530 2507 si
549 2463 737 2507 homines
756 2464 883 2507 tantis
900 2463 1130 2507 intervallis
1148 2463 1280 2506 dissiti

364 2538 567 2596 Reperire
585 2547 748 2597 partem
767 2546 999 2597 potuerunt
1018 2538 1262 2591 caelestium,

365 2611 510 2663 Ortus,
531 2627 700 2655 occasus
718 2611 916 2666 siderum,
936 2613 1085 2671 pulsus
1102 2612 1225 2664 ᾶιιοε,

571 2780 578 2800 '¹
595 2781 693 2812 Refer
706 2780 745 2812 ad
760 2780 828 2814 Tit.
846 2780 919 2813 Lx.
1189 2780 1204 2801 k
1222 2779 1320 2812 Refer
1335 2780 1374 2811 ad
1391 2779 1460 2811 Tit.
1477 2776 1537 2811 w.
