1780 3178
362 276 448 319 240
757 261 1019 305 10ANN1s
1052 256 1297 305 STOBAEI

319 428 325 435 ,
361 381 443 423 Est
462 377 605 422 similis
623 377 747 435 plane
766 377 876 420 foliis
894 378 1080 419 humana
1092 377 1297 435 propago.

350 443 353 445 ‚
417 453 504 496 Sed
522 451 646 510 pauci
665 451 746 494 ista
764 451 849 493 suis
868 450 1043 493 auribus
1062 450 1227 502 hausta,
1249 449 1372 493 simul

362 527 584 570 Mentibus
602 526 856 583 inscripsere.
909 526 1047 567 Fovet
1067 538 1160 582 spes
1179 524 1555 576 credulavcunetoffi

420 603 527 653 Quae
547 615 634 643 sese
646 600 854 658 juvenum
876 598 1074 642 cordibus
1092 597 1291 641 insinuat.

363 664 477 719 Nam
497 675 602 718 dum
621 673 828 717 multivoli
847 673 970 716 floret
988 683 1097 730 vaga
1115 671 1314 730 temporis
1333 681 1447 724 aetas,
1497 671 1500 674 ’

417 749 564 793 Multa
581 747 770 791 homines
788 747 966 790 volvunt
985 746 1103 789 irrita
1121 745 1303 789 consilia.

361 823 475 876 Quin
494 838 632 880 neque
651 831 752 864 tunc
771 821 874 864 lethi
893 820 1059 863 mordet
1078 830 1216 878 neque
1236 835 1338 863 cura
1357 829 1532 863 senectae

420 899 610 948 Pectora,
631 911 707 938 nec
725 895 894 937 morbos
912 894 1102 936 membra
1121 893 1270 935 timent
1292 902 1452 951 vegeta.

360 971 546 1015 Tantilla
564 979 626 1013 est
644 969 804 1012 miseris
823 967 1038 1026 sapientia,
1060 976 1136 1009 nee
1156 967 1272 1010 videt
1291 967 1371 1009 aevi

419 1046 568 1102 Atque
581 1041 818 1101 juventutis
837 1052 967 1099 quam·
983 1041 1112 1083 breve
1132 1039 1185 1082 sit
1205 1039 1399 1097 spatium.

361 1120 431 1162 Tu
451 1119 636 1161 monitus
654 1117 839 1169 meliora,
861 1117 990 1159 datur
1008 1116 1115 1158 dum
1133 1115 1288 1166 vivere,
1309 1114 1426 1156 vive:

420 1193 525 1236 Vive
543 1193 731 1250 inquam,
753 1200 796 1234 et
813 1190 938 1249 genio
957 1189 1130 1232 comiter
1148 1189 1389 1246 obsequere.

621 1280 690 1324 30.
711 1266 949 1323 Dionysius
976 1265 1214 1321 Tyrannus
1234 1263 1444 1304 Alcmena.

421 1343 607 1384 vacuam
627 1339 782 1382 doloris
801 1338 835 1381 si
854 1337 931 1380 tibi
949 1337 1080 1384 vitam
1097 1346 1224 1394 putas

366 1417 540 1473 Semper
558 1414 763 1466 futuram,
784 1428 858 1471 spe
875 1413 1000 1455 beata
1018 1411 1223 1470 pasceris:

366 1489 450 1533 Sed
469 1504 519 1531 ea
538 1489 730 1531 Deorum
747 1486 850 1538 vita,
870 1501 954 1528 non
973 1484 1226 1527 mortali-um.

718 1574 791 1619 31.
812 1561 1050 1619 Euripides
1069 1559 1349 1602 Andromeda.

708 1639 813 1680 Sum
832 1636 934 1679 felix
953 1651 1106 1694 opum:

369 1713 453 1757 Sed
473 1721 522 1755 ut
543 1711 659 1755 vides
677 1727 764 1753 sors
785 1726 895 1753 saeva
912 1720 981 1752 me
999 1709 1198 1752 miserum
1218 1707 1329 1749 facit.

852 1797 922 1841 32.
946 1784 1058 1825 Idem
1081 1782 1219 1824 AEolo.

424 1863 502 1904 Me
520 1859 638 1903 nulla
655 1859 754 1901 vitae
774 1873 876 1915 eura
895 1856 1074 1899 delectat
1094 1864 1222 1897 meaex

759 1943 831 1988 33.
851 1930 1070 1972 Hesiodus
1094 1928 1313 1986 Operibus.

423 2007 558 2050 Plena
575 2005 695 2047 malis
714 2003 852 2057 tellus,
873 2003 1010 2061 plenae
1030 2006 1128 2045 sunt
1148 2000 1329 2059 aequoris
1349 1998 1494 2041 u'ndae:

366 2084 577 2125 Praeterea
595 2078 825 2122 adveniunt
843 2077 981 2120 morbi
997 2086 1211 2134 noctuque
1229 2075 1404 2132 ditique,

367 2154 561 2198 Exitium
579 2152 765 2194 humano
783 2150 927 2207 generi
946 2157 988 2191 et
1008 2157 1215 2191 tormenta
1234 2147 1429 2189 ferentes.

758 2234 827 2279 34.
850 2221 1087 2278 Euripides
1106 2220 1305 2277 Antiopa.

422 2278 549 2342 Eheu
568 2297 774 2340 malorum
794 2305 900 2354 quot
919 2295 1029 2337 vices
1047 2294 1294 2337 mortalibus

368 2375 638 2431 Formaeque!
670 2387 795 2414 nemo
813 2369 1068 2427 nuncuparit
1087 2367 1325 2410 terminum.

663 2457 732 2503 35.
755 2445 978 2503 Sophocles
999 2444 1156 2501 OEdipo
1181 2443 1402 2500 Tyranno.

425 2525 534 2566 Haec
553 2529 615 2564 est
634 2519 721 2562 sola
738 2518 923 2561 beatitas

366 2599 571 2641 Humano
589 2593 732 2652 generi
751 2592 864 2644 data,

366 2673 505 2723 Quam
519 2668 615 2727 quis
632 2667 735 2710 dum
754 2674 878 2724 putat
897 2664 1061 2722 accipit,

369 2743 626 2799 Amittitque
646 2739 851 2798 putando.
