1780 3178
370 240 838 286 FLOBILEGIUM.
870 243 977 285 Τιτ.
997 254 1069 300 55.
1319 248 1419 295 127⁵

64 492 196 546 Alma
213 507 312 550 pax,
332 500 376 534 et
394 506 470 549 qux
489 489 860 548 trahitisplaustra
876 489 1007 536 boves
1023 488 1205 547 gemelli,

65 565 105 606 Ο
125 564 229 606 1111111
249 563 283 606 si
301 563 444 606 liceret
1244 559 1248 562 ’

63 637 216 680 Vivere
235 652 261 679 a
278 636 390 680 bello
408 651 607 688 vacuum,
621 650 805 693 cumque
821 649 916 677 meo
933 633 1114 677 redirem
1202 683 1206 685 λ

66 708 283 752 Emer-itus
300 708 443 752 labore
506 730 510 735 ·
1157 741 1160 743 .

67 783 170 824 Post
188 781 368 824 humum
386 781 556 832 fossam,
575 779 694 822 tenui
712 778 901 822 membra
918 777 1082 835 liquore
1098 776 1201 829 loto,

70 856 241 899 solvere
258 856 363 899 1·aeoe
379 855 542 907 vinum,

68 931 130 973 Et
148 929 273 973 simul
291 929 401 973 vesci
420 928 624 986 raphano,
641 927 887 984 triticeoque
905 941 1026 983 pane.

438 1014 479 1057 3.
500 1000 780 1058 Bacchylides
800 999 1036 1041 Paeaemibus.

70 1078 163 1120 Pax
182 1076 293 1119 alma
310 1091 376 1118 τω
394 1075 477 1118 fert
495 1074 698 1119 maximas
717 1072 988 1116 mortalibus:

71 1150 155 1193 Illa
171 1149 379 1192 ministrat
399 1163 501 1206 opes

34 1237 41 1241 ⁴
71 1222 341 1279 Blandosque
359 1221 478 1263 lusus
497 1218 741 1275 carminum.

73 1297 202 1338 Tunc
221 1294 372 1338 laetus
362 1294 472 1352 ignis
490 1294 534 1336 in
554 1294 746 1335 Deorum
764 1290 966 1334 altaribus

74 1369 306 1427 Lanigeras
324 1367 507 1426 pecudes
657 1411 659 1414 ,

75 1446 301 1501 Caesasque
319 1441 526 1485 consumit
545 1441 695 1484 boves:

75 1518 237 1560 Gratus
253 1515 461 1574 palaestrae
481 1524 583 1558 tunc
596 1514 864 1571 juventutem
884 1479 1001 1554 labor

77 1593 281 1649 Sertaque
293 1591 444 1649 juncta
461 1604 577 1632 mero

76 1666 139 1708 Et
157 1664 270 1707 tibiae
289 1671 454 1706 exercet
473 1676 623 1705 sonus:

79 1739 208 1781 Tunc
225 1737 334 1779 inter
351 1736 443 1794 ipsa
460 1733 688 1779 fibularum
702 1729 884 1781 vincula,

82 1812 136 1853 In
155 1809 377 1869 clypeique
396 1808 505 1859 sinu,

80 1886 263 1927 Araneae
282 1891 434 1925 texunt
451 1896 583 1939 opus:

79 1959 271 2000 ‘Hastas
289 1956 443 1999 cientes
462 1954 549 1997 alta
565 1952 714 2010 robigo
731 1949 917 1994 obsidet:

83 2030 235 2074 cordis
253 2029 386 2072 amica
403 2027 523 2086 quies

83 2103 216 2146 Nullo
233 2103 409 2161 fugatur
427 2100 618 2143 classico:

13 2220 17 2222 ,
86 2177 171 2220 Sed
189 2176 299 2219 altus
317 2175 450 2217 haeret
467 2182 510 2217 et
529 2173 595 2217 sui
608 2170 718 2230 juris
738 2184 887 2228 sopor:

86 2248 354 2293 Carminibus
371 2254 537 2290 resonat

86 2322 248 2365 vicinia
266 2330 308 2364 et
326 2321 435 2363 festa
450 2319 572 2377 dape.

469 2406 511 2447 4.
532 2391 773 2450 Emptam
791 2387 1038 2433 Erechtheo.

144 2478 165 2500 ³
176 2471 358 2512 Araneae
376 2467 639 2510 circumeam
658 2464 855 2507 decurrat
873 2476 993 2505 orsus
1011 2461 1189 2511 hastam,

87 2541 336 2600 Tranquilla
353 2540 460 2584 dum
476 2538 590 2582 canis
607 2536 711 2579 mihi
729 2535 878 2594 pingat
895 2538 1024 2592 caput
1042 2540 1219 2582 senecta,

91 2618 153 2659 Et
170 2614 452 2659 candicantem
473 2611 648 2656 vinciam
670 2623 830 2652 comam
851 2607 1010 2650 virente
1030 2615 1155 2649 serto.

108 2805 122 2821 ⁸
137 2798 226 2831 Olim
240 2809 248 2828 ε
274 2797 358 2830 fleic
369 2797 462 2828 hasta
477 2799 511 2827 et
520 2793 587 2827 illic
601 2792 728 2826 ensium
744 2799 857 2823 mucro
868 2788 966 2830 jacet.
1010 2793 1025 2808 ⁸
1035 2785 1135 2819 Refer
1148 2784 1189 2818 ad
1202 2781 1270 2816 ‘nt-
1283 2781 1408 2815 Lvm.
