1780 3178
461 237 929 282 FLOEILEGIUM.
963 238 1072 280 Τιτ.
1093 239 1162 291 64.
1397 249 1478 296 159

141 342 271 385 Alitis
289 342 372 385 huc
391 342 491 387 illuc
508 342 641 385 instar
658 341 787 394 volat,
806 341 935 399 inque
954 341 1130 400 puellas,
1223 376 1227 380 .

141 416 281 473 Inque
299 416 410 460 viros
427 416 585 460 fertur:
618 415 735 459 sedet
752 415 864 458 intra
881 415 1039 458 visoem
1057 414 1238 458 tandem.

170 547 172 550 y
586 502 654 532 21.
673 491 788 533 Bion
808 488 1034 532 Bucolicis.

197 563 316 605 Dum
337 563 516 605 nemoris
534 563 665 606 densa
682 562 873 606 volucres
890 572 1074 606 sectatur
1088 562 1133 605 in
1153 562 1317 614 umbra,

140 636 230 679 Illic
248 636 357 679 forte
375 652 484 695 puer
502 636 733 695 fugitivum
751 636 860 680 vidit
878 637 1084 679 Amorem

140 711 342 754 Pallentis
360 711 466 755 buxi
484 726 622 754 ramos
641 726 794 768 super:
827 718 876 752 ut
895 709 1012 752 videt
1029 708 1164 760 illum,

138 786 203 827 Ut
221 785 395 843 gaudet,
414 800 610 843 magnam
629 789 799 842 spei-ans
817 792 987 842 captare
1003 783 1232 833 volucrem,

139 859 200 900 Et
220 858 525 901 subsultantem
546 873 660 901 nunc
677 858 763 901 huc
781 873 895 900 nunc
913 857 1106 915 protinus
1124 856 1226 899 illuc

139 934 381 992 Insequitur
394 932 562 991 jaculis,
582 947 716 990 prope
734 931 952 974 deficiente
970 930 1180 988 pharetra.

140 1009 282 1051 Iratus
301 1007 487 1059 tandem,
507 1007 629 1050 toties
646 1006 834 1048 fallentia
852 1005 935 1048 tela

139 1082 327 1140 Projicit‚
347 1091 475 1139 atque
495 1080 581 1123 seni
599 1094 698 1123 cum
717 1079 822 1122 fletu
839 1090 983 1122 narrat
1000 1078 1136 1120 aranti

138 1158 363 1214 Deceptas‚
383 1155 517 1198 ductu
537 1170 644 1212 quas
662 1154 793 1212 ipsius
810 1153 1021 1203 hauserat,
1042 1160 1167 1202 arte&

137 1232 199 1273 Et
219 1229 342 1273 simul
362 1229 582 1272 arboribus
599 1228 833 1271 latitantem
851 1225 1034 1269 ostendit
1051 1226 1271 1267 Amorem.

138 1304 215 1347 Ille
233 1313 374 1347 movet
392 1303 533 1346 ridens
552 1317 704 1346 canum
724 1311 867 1359 caput,
887 1309 1016 1358 atque
1035 1300 1096 1342 ita
1113 1300 1253 1342 fatur:

140 1381 272 1421 Parce
291 1379 371 1421 hoc
390 1377 597 1436 aucupio:
628 1392 753 1435 parce
770 1375 880 1418 hanc
899 1383 1059 1417 tentare
1079 1373 1315 1416 volucrem:

140 1452 380 1495 Perniciosa
398 1452 488 1494 fera
506 1459 581 1494 est.
635 1451 784 1508 Longe
802 1449 928 1507 fuge:
962 1456 1025 1490 sat
1042 1446 1147 1489 mihi
1166 1446 1268 1489 felix

141 1526 185 1569 Si
205 1540 423 1584 nunquam
443 1525 608 1583 capias:
638 1533 684 1566 at
703 1522 737 1565 si
757 1531 799 1565 te
817 1521 962 1564 fecerit
981 1529 1083 1563 aetas

139 1600 285 1642 Aucta
301 1599 456 1650 virum,
475 1597 550 1655 qui
569 1612 682 1653 nunc
700 1595 814 1654 fugit
832 1603 875 1639 et
894 1593 1002 1647 salit,
1016 1593 1105 1652 ipse
1125 1601 1293 1635 secutus

140 1673 269 1716 Ultro
287 1672 435 1725 aderit,
456 1671 687 1730 capitisque
706 1669 772 1713 tui
791 1685 834 1712 se
852 1669 898 1711 in
916 1677 1036 1727 parte
1054 1666 1220 1710 locabit.

702 1756 769 1787 22.
790 1741 925 1785 Idem.
1342 1788 1345 1789 γ

199 1818 364 1861 Blanda
382 1818 540 1869 Venus,
562 1818 705 1860 Venus
724 1815 848 1868 alma,
869 1816 901 1857 J
903 1814 992 1858 ovis
1010 1814 1233 1873 pelagique
1252 1829 1456 1872 propago,

142 1895 234 1936 Cur
251 1892 357 1934 adeo
376 1891 485 1933 dura
503 1907 548 1933 es
567 1889 814 1933 mortalibus
832 1899 876 1931 et
892 1888 1055 1946 superis
1074 1889 1178 1930 Dis?

141 1968 239 2008 Non
261 1966 359 2008 satis
377 1965 446 2007 hic
465 1963 566 2006 dixi.
619 1966 711 2007 Cur
729 1962 861 2006 hostis
879 1978 923 2004 es
942 1962 1151 2013 omnibus,
1174 1970 1216 2003 et
1234 1976 1311 2002 cur

142 2040 332 2080 Tantum
352 2054 400 2080 ac
420 2037 502 2080 tale
522 2037 679 2079 malum
697 2035 880 2094 genuisti
900 2044 1032 2077 mater
1051 2035 1271 2086 Amorem,

142 2112 312 2154 Immite
330 2110 546 2169 ingenium
566 2109 677 2152 velat
696 2109 771 2167 qui
790 2108 956 2166 dispare
974 2107 1132 2150 forma?

144 2189 235 2230 Cur
253 2195 394 2229 autem
414 2184 626 2233 volucrem
640 2182 1002 2241 jaculatoremque
1017 2180 1184 2232 dedisti,

145 2260 309 2304 Scilicet
328 2268 378 2302 ut
396 2257 590 2317 quamvis
608 2255 820 2300 crudelem
841 2255 1018 2297 evadere
1038 2269 1121 2296 non
1142 2253 1220 2296 sit?

635 2343 702 2388 23.
732 2330 992 2372 Theocritus.

201 2409 327 2450 Nunc
348 2407 431 2450 scio
450 2405 552 2464 quid
575 2405 628 2447 sit
642 2398 790 2447 Amor.
834 2402 988 2446 Gravis
1002 2410 1064 2443 est
1078 2401 1221 2443 Deus:
1253 2399 1323 2442 ille
1336 2399 1479 2443 leaenae

144 2481 361 2525 Uberibus
379 2494 599 2523 nemorum
620 2478 764 2520 subter
783 2484 981 2534 querceta
999 2470 1215 2532 pependit,

144 2555 228 2607 Qui
249 2554 350 2596 mihi
370 2569 483 2596 nunc
502 2553 596 2596 imis
615 2552 796 2609 flagrans
814 2547 961 2607 procul
981 2547 1143 2591 ossibus
1161 2546 1307 2588 haeret.

665 2639 731 2682 23.
749 2627 959 2667 Incertus.

204 2701 316 2744 Proh
338 2699 472 2751 dolor,
492 2714 653 2742 amores
672 2708 832 2755 quanta
851 2706 949 2739 sunt
967 2693 1125 2737 homini
1145 2692 1279 2734 mala?
