1780 3178
349 247 430 281 ιω
715 288 718 292 ,
745 234 939 278 IOANN
944 235 1001 278 IS
1032 235 1291 279 STOB'AEI'
1311 241 1314 245 ’

788 347 1107 446 'm‘ULUS‘
1125 368 1241 441 LII.

784 467 860 505 DE
888 468 912 505 J
915 467 1229 507 UVENTUTE.

702 567 743 606 1¹.
764 555 1002 612 Euripides
1021 554 1321 598 Andromache.

401 629 602 687 Quisquis
614 629 794 687 juventa
811 627 948 680 floret,
969 638 1013 671 et
1021 628 1266 686 juveniliter
1315 615 1321 664 J

344 704 588 748 Contemnit
607 718 794 760 aequum,
814 701 943 760 pestis
961 702 1030 744 hic
1049 711 1111 745 est
1130 702 1316 761 publica.

776 790 815 822 2.
838 777 958 819 Idem
972 776 1252 819 Andromeda.

405 849 545 892 Suasit
559 849 751 907 juventa,
767 848 810 891 vi
829 857 992 907 potens,
1012 859 1152 894 mente
1170 849 1390 907 impotens.

779 937 821 980 3.
842 924 962 966 Idem
981 924 1248 982 Melanv'qqm.

403 999 542 1050 Quam
560 997 652 1040 dira
670 1013 736 1040 res
754 1007 818 1040 est
829 992 1000 1055 juvenis
1018 997 1168 1044 eximie
1186 998 1338 1041 malus!

804 1085 846 1126 4.
866 1072 985 1115 Idem
1004 1071 1222 1117 Archelao.
1254 1111 1259 1115 .

403 1147 549 1189 AEtate
563 1146 733 1204 juvenis
752 1146 827 1203 qui
847 1145 900 1189 sit
918 1146 963 1188 in
982 1161 1027 1188 re
1046 1161 1248 1204 paupere,

347 1220 392 1263 Si
412 1220 545 1278 sapiat
563 1220 716 1272 animo,
737 1210 970 1263 mainimum
987 1220 1238 1263 miraculum
1255 1231 1330 1263 est.

829 1308 870 1351 5.
894 1294 1014 1337 Idem
1034 1296 1199 1352 Dictye.
1219 1330 1223 1334 .

402 1369 434 1410 J
438 1367 596 1420 uvenis,
618 1367 691 1410 sed
710 1367 850 1410 animo
867 1383 944 1426 per
963 1367 1149 1410 laborem
1169 1368 1362 1431 exercito.

893 1442 932 1483 6.
953 1442 1135 1500 Agatho.

402 1516 433 1557 J
437 1514 611 1557 uvenilis
629 1514 794 1558 animus
811 1514 970 1558 flexiles
988 1523 1130 1559 motus
1147 1516 1286 1558 habet.

735 1576 738 1579 ’
839 1599 879 1645 7.
899 1583 1182 1632 Metrodorus.

400 1662 658 1706 Adolescens
675 1662 934 1716 ambitiosus,
951 1678 1120 1721 praecox
1139 1674 1202 1707 est
1220 1664 1390 1706 malum.

919 1739 959 1780 8.
982 1738 1129 1781 Idem.

401 1811 433 1853 J
436 1810 600 1853 uvenile
619 1810 769 1854 vitium
787 1822 851 1853 est
864 1811 1003 1853 fastus
1021 1819 1150 1868 atque
1168 1810 1357 1855 audacia.

854 1897 894 1940 9.
915 1883 1171 1932 Menander.
1317 1887 1323 1891 ’

401 1957 469 1999 Ne
489 1964 537 1998 tu
556 1955 766 2013 loquentis
783 1955 942 2014 respice
958 1964 1126 2000 aetatem
1142 1971 1304 2015 precor,

346 2031 429 2073 Sed
448 2045 503 2072 an
522 2046 620 2087 quae
639 2029 815 2073 deceant
833 2030 962 2073 verba
979 2030 1231 2089 prudentem
1249 2030 1409 2089 l'oquar.

563 2143 569 2150 .
824 2109 825 2112 ’
903 2108 966 2146 10.
977 2104 1119 2146 Idem.

386 2175 624 2233 ‘Sapientiae
644 2175 708 2218 vis
727 2190 812 2219 non
831 2185 894 2219 est
912 2176 956 2219 in
972 2176 1086 2220 canis
1104 2184 1209 2219 uta:

344 2249 571 2307 Ingenium
589 2249 734 2292 multis
752 2258 816 2293 est
835 2249 1058 2293 senectutis
1076 2249 1179 2309 Ιοφ.
1220 2286 1225 2293 .

754 2337 775 2366 1
786 2337 820 2366 1.
844 2325 1051 2368 Cratistum
1067 2325 1272 2366 Ewnidis.

399 2397 548 2440 AEtate
567 2396 655 2449 taJi,
678 2405 817 2440 mente
836 2405 879 2441 et
898 2397 1037 2440 animo
1056 2398 1252 2456 compari.

847 2484 912 2516 12.
941 2471 1170 2530 Theognis.
1238 2474 1243 2511 ἶ

341 2543 467 2585 AEtas
485 2541 621 2600 prima
639 2542 758 2585 ferox
779 2542 978 2586 subducit
996 2542 1184 2601 pondera
1201 2543 1346 2595 menti,

400 2615 726 2674 Multorumque
744 2614 903 2659 animos
922 2617 1095 2659 crimina
1112 2616 1398 2673 multadocet.

852 2690 917 2732 18.
940 2690 1170 2733 Homerus.

398 2759 566 2818 Quippe
585 2760 686 2803 levis
706 2776 868 2819 semper
880 2760 1059 2819 juvenili
1079 2761 1123 2804 in
1142 2770 1308 2819 pectore
1328 2777 1444 2805 mens
1462 2770 1535 2805 est.
