1780 3178
439 302 909 350 FLORILEGIUM.
940 301 1042 345 Trr.
1070 300 1161 344 108.

140 423 308 466 Natura
325 436 478 465 secum.
530 421 605 463 Tu
625 428 791 462 tantum
808 417 928 461 luctu
946 415 1121 459 abstine.

663 506 734 548 40.
756 492 955 536 Sotadess

164 559 166 562 V
199 569 360 628 Injuria
378 584 505 627 quem
525 567 724 626 temporis
742 564 923 624 improbi
941 563 1118 615 lacessit,

142 645 241 688 Hoc
260 643 378 702 quod
395 643 539 702 cupiat
558 657 643 684 non
662 641 752 684 fieri
771 639 946 683 ferendo
962 638 1103 681 vincit.

444 729 516 771 41.
537 715 780 758 Menamier
798 714 1037 756 Mulierum
1054 724 1183 754 osore.

721 785 795 829 Sin
814 784 1020 844 quicquid
1038 784 1154 827 dolet

144 866 361 907 Excernas
379 877 556 920 semper,
578 860 655 904 tibi
675 875 751 903 nec
768 868 914 903 eontra
932 873 1146 916 compares

145 938 273 990 Quod
294 947 356 981 oet
375 936 538 988 utibile,
552 936 644 994 jam
662 933 878 978 tolerando
897 948 982 976 non
1000 931 1097 975 eris.

609 1021 683 1064 42.
703 1009 823 1050 Idem
843 1009 1022 1050 Boeotia.

607 1081 753 1124 Multa
770 1080 906 1124 ardua

147 1157 199 1200 In
218 1157 344 1199 rebus
362 1165 424 1199 est
443 1155 634 1213 reperire.
687 1154 773 1197 Sed
790 1153 933 1212 potius
951 1153 1047 1195 vide

148 1232 224 1273 An
243 1245 327 1272 non
347 1239 390 1272 et
409 1228 570 1286 aliquid
588 1227 796 1271 commodi
815 1242 956 1269 secum
974 1227 1127 1268 ferant.

650 1314 720 1358 43.
737 1301 987 1359 Euripides.

209 1375 471 1434 Sapientiam
490 1375 571 1417 hoc
589 1383 653 1417 est
672 1373 800 1431 atque
821 1372 1039 1416 cordatum
1053 1370 1190 1414 viram

151 1452 385 1508 Nunquam
403 1449 524 1492 malis
541 1449 586 1491 in
605 1449 732 1491 rebus
751 1447 871 1490 irasci
889 1447 1004 1489 Deis.

452 1536 522 1576 44.
543 1522 786 1565 Menander
805 1521 1043 1563 Mulierum
1061 1531 1190 1560 osore.

211 1597 426 1655 Quicquid
443 1596 680 1646 molestum,
701 1592 904 1652 quicquid
924 1592 1147 1635 adversum
1165 1589 1315 1632 accidit

153 1673 314 1715 Tecum
334 1671 423 1728 ipse
443 1677 604 1727 spectas
624 1676 666 1710 et
685 1667 880 1710 connives
897 1665 952 1708 ad
971 1666 1098 1708 bona:

154 1743 294 1801 Atqui
313 1741 418 1784 nihil
437 1755 632 1798 usquam,
654 1738 826 1797 Simyle,
846 1737 1032 1780 invenias
1049 1736 1166 1788 boni,

157 1817 241 1861 Cui
260 1816 378 1859 nulla
397 1815 603 1858 malorum
622 1829 666 1856 se
684 1812 952 1855 admiscuerit
969 1811 1119 1869 portio.

615 1900 686 1945 45.
707 1889 827 1931 Idem
846 1887 1032 1945 Auriga.

217 1954 408 2016 Quorum
427 1963 471 2005 in
490 1963 662 2005 fortuna
679 1976 806 2004 causa
823 1969 886 2002 est
904 1954 990 2002 non
1008 1959 1052 2002 in
1071 1958 1272 2009 moribus,

160 2042 228 2083 Ea
247 2038 410 2082 fortiter
430 2036 606 2079 tolerare
625 2048 872 2093 generosum
892 2032 1024 2074 decet.

601 2112 677 2164 462
698 2110 817 2151 Idem
831 2108 1054 2150 Ewnucho.

220 2190 311 2231 Nec
330 2189 411 2230 Dis
428 2185 596 2238 rebella,
617 2200 693 2227 nec
712 2168 979 2240 tempestates
998 2196 1126 2222 novas

163 2266 352 2314 Accerse‚
374 2261 483 2303 ferre
502 2259 619 2317 quod
640 2272 853 2300 neceflsum
873 2265 937 2298 est
954 2255 1000 2297 id
1018 2254 1138 2297 feras.

579 2345 649 2387 47.
671 2328 818 2374 Ale-‘fiis
830 2318 1087 2387 *Syme-mio.

568 2407 633 2448 Ut
651 2404 788 2453 video,
808 2401 920 2445 mala

167 2482 350 2526 Facilius
370 2481 519 2524 tolerat
538 2478 729 2537 quisquis
748 2493 831 2520 non
850 2476 1066 2518 obnititur.

664 2553 735 2604 48.
757 2551 1009 2593 Menander.

512 2626 650 2668 Nemo
669 2639 796 2681 quem
810 2621 1040 2665 infortunio

170 2701 232 2741 Da
250 2708 448 2750 mactant,
468 2699 655 2740 animum
675 2697 868 2756 protinus
886 2695 1154 2754 despondeat.

171 2772 313 2815 Forsit
331 2771 453 2829 alicuj
460 2788 508 2814 us
527 2771 624 2814 hine
642 2770 743 2814 boni
761 2770 840 2813 erit
858 2769 1028 2812 occasio.

1395 298 1478 355 269
