1780 3178
362 257 444 313 156
761 254 1016 300 IOANNIS
1047 257 1292 300 STOBAEI
1372 250 1374 253 ’

926 365 968 406 6.
987 365 1120 408 Idem.

415 438 480 479 At
499 453 525 478 ο
546 437 735 479 Deorum
754 436 932 494 pessime
952 445 1080 494 atque
1100 433 1318 479 hominum
1338 452 1459 495 puer,

356 510 519 552 Rerum
540 510 744 552 bonarum
763 524 848 552 non
868 510 989 552 dares
1009 510 1186 568 speciem
1206 510 1341 563 malis,

354 586 451 627 Aut
470 584 602 627 facilis
621 600 729 627 esses
748 599 796 626 ac
815 584 961 626 favens
980 584 1231 628 amantibus.

781 669 821 713 7.
843 658 963 700 Idem
983 658 1263 700 Andromeda.

411 730 462 772 A.
496 731 599 773 Heu
620 730 777 774 durum
797 746 980 774 amorem
1002 731 1197 789 patimur.
1230 733 1294 774 B.
1317 733 1358 775 E
1379 732 1501 775 dictis
1521 731 1597 774 tibi

354 802 480 854 Quod
495 803 702 861 optimum
722 811 926 846 sumatur.
974 804 1158 846 Infidum
1177 813 1240 847 est
1259 819 1389 857 amor,

353 877 586 937 Animique
603 887 765 937 partem
786 879 1006 937 pessimam
1027 879 1298 923 habitandam
1317 880 1446 938 eligit.

841 954 880 995 8.
903 954 1023 996 Idem
1041 948 1207 1012 Dictye.

407 1026 529 1070 Nihil
546 1025 735 1078 remittit,
751 1025 886 1069 multa
905 1026 939 1069 si
957 1042 1140 1079 moneas,
1159 1028 1327 1069 Venus:

353 1101 481 1153 Quod
502 1101 535 1143 si
554 1116 675 1158 pares
695 1099 795 1151 vim,
819 1099 955 1142 tendit
974 1099 1054 1142 hoc
1073 1107 1220 1142 contra
1237 1099 1369 1159 magis
1385 1116 1399 1141 ε

353 1174 520 1217 Deinde
538 1173 696 1216 bellum
714 1173 848 1231 parit:
880 1172 924 1215 in
943 1172 1107 1216 excidia
1124 1173 1295 1215 urbium

353 1250 415 1292 Et
432 1248 646 1291 vastitates
663 1248 755 1290 haec
775 1235 908 1290 solent
927 1262 1214 1306 prorumpere.

778 1344 780 1346 ·
850 1335 890 1378 9.
918 1321 1180 1364 Tlaeocrz'tw.

408 1396 531 1438 Echo
549 1395 770 1454 respiciens
789 1392 998 1453 Daphnis,
1018 1395 1163 1438 Venus
1180 1394 1386 1453 improba,
1406 1389 1529 1448 dfxit,

351 1471 392 1512 0
412 1469 621 1528 culpanda
639 1470 797 1520 Venus,
819 1469 962 1511 Venus
981 1484 1008 1511 o
1026 1468 1273 1511 mortalibus
1291 1469 1433 1511 hostis.

730 1556 794 1585 10.
815 1543 1054 1600 Euripides
1072 1543 1308 1601 Meleagro.

408 1616 562 1659 Amica
581 1615 761 1659 tenebris
781 1625 843 1658 est
861 1616 1017 1658 Venus.
1067 1617 1264 1675 Namque
1283 1616 1373 1674 ipsa
1391 1617 1467 1659 lux

350 1690 647 1733 Necessitatem
667 1690 919 1735 castimoniae
933 1690 1045 1732 facit.

833 1777 851 1806 1
863 1778 897 1807 1.
919 1765 1203 1808 Archilochus.

408 1837 576 1894 Quippe
595 1853 689 1879 meo
708 1837 771 1880 vis
790 1846 908 1880 tanta
927 1837 1150 1895 Cupidinis
1168 1837 1358 1880 involuta
1375 1837 1491 1880 cordi

350 1910 513 1953 offudit
533 1919 644 1952 atras
662 1909 771 1952 visui
790 1911 995 1965 tenebraS,

349 1986 540 2026 Mentem
562 1983 694 2042 ipsam
714 1983 883 2042 rapiens
898 1999 921 2027 e
940 1993 1121 2042 pectore.

869 2071 883 2099 ι
895 2071 933 2102 2.
949 2060 1163 2102 Incertus.

632 2130 804 2173 Amoris
822 2130 865 2172 in
886 2132 1079 2174 morbum
1098 2132 1239 2184 incidi,

345 2201 564 2246 Exanimis
583 2219 693 2245 saeva
710 2203 926 2261 perculsus
945 2205 1072 2247 corda
1090 2206 1231 2248 Deum
1250 2205 1306 2257 vi,

344 2277 474 2319 Unde
493 2292 586 2319 ossa
602 2277 809 2320 consumit
828 2277 958 2320 dolor.

594 2364 668 2407 13.
691 2352 912 2409 Sophocles
931 2353 1202 2395 Amator-ibus
1221 2353 1409 2395 Achillis.

399 2426 537 2466 Amor
557 2423 639 2466 dici
659 2425 785 2467 unius
804 2425 1046 2483 aegrimonia
1064 2435 1141 2477 est,

343 2501 479 2551 Quem
498 2514 618 2557 posse
637 2499 758 2541 simili
777 2499 1010 2557 exprimere
1029 2499 1087 2542 sic
1106 2499 1250 2542 videor
1269 2499 1386 2542 mihi.

342 2571 516 2623 Quoties
535 2586 679 2614 sereno
698 2572 881 2615 nascitur
900 2573 1002 2615 caelo
1019 2572 1134 2630 gelu,
1207 2591 1227 2595 ’-

343 2645 514 2687 Gaudet
534 2660 660 2687 manu
681 2653 857 2688 tractare
871 2655 1083 2688 concretas
1101 2662 1232 2703 aquas

342 2720 458 2760 Grex
479 2719 718 2776 pusionum‚
739 2728 867 2777 atque
885 2735 935 2762 ea
953 2719 1147 2778 voluptas
1166 2720 1348 2763 maxima
1367 2729 1455 2763 est:

342 2792 535 2836 Tandem
555 2793 785 2851 liquescens
804 2793 919 2837 unda
938 2793 1092 2837 dimitti
1113 2805 1252 2851 negat,

1679 764 1682 770 ,
1692 740 1698 763 ³
