1780 3178
336 308 419 351 270
732 287 989 335 IOANNIS
1021 285 1267 335 STonm

816 418 886 462 49.
909 406 1212 464 Bacchylides.‘

360 478 361 481 ¹
395 484 507 525 Nam
527 482 632 540 quid
652 482 763 524 levat
783 480 953 523 tandem
973 479 1084 522 mala

336 559 545 609 Quassare
563 555 692 599 corda
710 550 922 598 luctibus?

845 640 916 685 50.
938 624 1169 670 Philemon.

395 703 574 746 Nullum
594 702 780 747 invenire
799 711 871 745 est>
882 701 1046 760 uspiam
1065 699 1307 744 mortalium

337 778 458 820 Mala
474 779 551 835 qui
571 792 654 819 non
671 777 724 819 sit
745 791 942 819 sensurus
961 784 1037 818 aut
1050 774 1141 833 jam
1158 773 1341 817 senserit.

335 854 400 894 At
420 851 493 908 qui
514 851 631 908 quod
650 851 734 892 fert
753 850 942 892 Fortuna
960 862 1088 906 quam
1109 845 1269 889 minimi
1289 845 1402 896 facit,

336 928 597 983 Utrumque,
619 936 661 968 et
680 918 778 983 plus
798 924 920 982 sapit,
944 932 986 965 et
1006 931 1069 965 est
1088 920 1351 964 fortunatior.

846 1010 919 1054 51.
940 996 1175 1054 Sophocles.

396 1074 522 1126 Quod
542 1088 665 1121 casus,
682 1072 803 1114 offert
823 1083 979 1128 ponere
998 1084 1051 1111 ex
1072 1083 1153 1111 usu
1175 1083 1265 1120 suo,

338 1149 436 1190 Non
455 1162 622 1205 gemere
644 1146 888 1195 Fortunam,
910 1142 1103 1186 aleatoris
1120 1141 1221 1185 boni
1239 1149 1312 1183 est.

717 1231 787 1276 52.
810 1203 958 1260 Δωτὼ
978 1215 1312 1275 Philocragoedo.

398 1295 606 1354 Sapientis
626 1304 689 1336 est
707 1291 924 1336 consulere
943 1290 1158 1333 fortunam
1177 1289 1288 1332 boni.

747 1377 817 1424 53.
840 1366 1061 1423 Sophocles
1078 1364 1270 1406 Phaedra.

398 1445 549 1494 Nemo,
572 1442 780 1493 mulieres,
802 1439 985 1482 dedecus
1004 1437 1199 1480 vitaverit

312 1571 315 1573 ‚
340 1518 424 1560 Cui
444 1516 651 1559 destinata
670 1523 768 1556 sunt
787 1513 898 1556 mala
916 1511 1092 1569 imperio
1110 1512 1142 1552 J
1143 1510 1244 1553 ovis.

342 1590 516 1634 Morbos
535 1587 756 1630 ferendum
777 1597 840 1628 est
858 1601 966 1643 quos
987 1585 1126 1627 Deam
1149 1582 1278 1626 mittit
1291 1594 1451 1624 manus.

860 1672 930 1716 54.
953 1660 1165 1700 Incertus.

400 1739 451 1780 A.
475 1724 699 1795 Responsa·
712 1750 810 1793 quae
829 1735 913 1777 fers
932 1749 958 1775 a
978 1732 1060 1775 Dei
1080 1730 1390 1790 penetralibus?
1418 1719 1429 1731 ⁶

343 1814 398 1854 B.
422 1814 563 1854 Bona:
597 1810 755 1868 quippe
773 1807 967 1866 quamvis
988 1806 1134 1858 tristia,
1155 1805 1211 1848 ad
1230 1806 1356 1847 finem
1375 1804 1534 1846 bonum

342 1888 450 1938 Quae
470 1886 736 1943 deriguntur,
758 1884 897 1926 fausta
915 1891 1027 1925 recte
1045 1880 1235 1923 dixerim.

771 1967 842 2015 55.
866 1956 1091 2013 Sophocles
1108 1955 1248 2012 Ajace.

399 2035 514 2076 Bene
534 2032 743 2075 ominare:
777 2045 854 2071 nec
873 2029 985 2071 mala
1002 2040 1218 2086 apponens
1238 2026 1349 2069 malo

343 2107 561 2158 Remedia,
583 2105 721 2148 clades
740 2105 829 2163 ipse
849 2103 1096 2161 congemina
1111 2113 1217 2145 tuas.

808 2178 877 2233 56.
899 2178 1019 2219 Idem
1039 2178 1219 2219 Acrisio.

400 2257 467 2299 Ne
488 2263 642 2306 metue,
665 2253 834 2296 mulier:
869 2251 1003 2294 multa
1021 2267 1120 2309 quae
1139 2251 1182 2292 in
1203 2250 1357 2293 somnis
1375 2249 1486 2291 mala

341 2335 651 2390 Apparuerunt
671 2337 806 2379 nocte,
827 2326 973 2370 lenivit
992 2326 1092 2369 dies.

839 2413 912 2457 57.
936 2401 1189 2442 Menander.

403 2477 510 2519 Mali
530 2476 589 2518 nss
611 2475 806 2532 equidem
827 2489 870 2516 es
890 2489 1037 2531 passus
1057 2474 1099 2514 ni
1120 2487 1209 2531 prae
1230 2481 1270 2514 te
1290 2472 1407 2513 feras.

771 2548 843 2603 58.
866 2546 1087 2605 Sophocles
1113 2547 1261 2588 Tereo.

401 2626 510 2666 Haec
530 2623 651 2674 dura,
674 2623 850 2671 Procne,
873 2622 1028 2663 fateor:
1061 2620 1219 2662 interea
1239 2620 1379 2662 Deum

343 2700 523 2741 Decreta
542 2697 705 2755 placide
724 2697 833 2739 ferre
853 2695 1048 2738 mortales
1068 2695 1198 2737 decet.

681 2757 687 2762 ³
746 2783 816 2826 59.
838 2771 1054 2812 Homerus
1079 2769 1275 2825 Odyssea.

402 2847 491 2886 Stat
515 2844 616 2885 mihi
637 2859 752 2885 mens
769 2843 895 2885 animi
917 2858 999 2884 non
1021 2842 1237 2883 immemor
1258 2849 1353 2883 ante
1374 2839 1593 2882 malorum.
