1780 3178
323 243 406 287 266
750 241 1014 285 IOANNIS
1046 241 1284 286 STOBAEI

322 356 505 399 Ratione
525 355 687 406 tolerat,
709 356 776 399 hic
796 355 934 401 minus
953 355 1090 400 multo
1107 365 1170 399 est
1189 357 1324 398 miser.

884 442 952 484 14.
973 430 1104 475 Idem.

380 503 466 546 Fer
485 518 591 561 quas
609 503 739 564 agitat
760 503 954 547 Fortuna
971 502 1107 548 vices:

324 576 421 620 Sine
442 577 502 619 Di
521 584 690 634 portent
705 575 945 633 fluctusque
965 584 1110 621 ratem.

880 658 946 705 15.
968 649 1099 694 Idem.

373 721 570 766 Mortalis
588 721 633 763 id
652 721 717 765 fer
734 737 858 766 omne
877 722 995 780 quod
1014 722 1255 767 mortalium
1271 732 1355 767 est:

319 799 463 841 Homo
482 813 536 839 ne
555 812 700 855 poscas
719 796 904 841 caelitum
923 797 1053 840 vitam
1075 796 1162 841 tibi.

641 873 705 914 16.
728 873 847 915 Idem
868 873 1107 930 Hippolyto
1133 875 1352 916 Coronam

377 945 463 987 Fer
483 952 546 986 te:
579 958 655 987 nec
674 952 761 988 tam
780 944 965 1001 graviter
978 944 1094 1002 jacta

321 1020 503 1076 Corpus,
523 1017 723 1059 alumna

320 1092 480 1135 Levius
498 1091 694 1134 morbum
714 1089 891 1135 toleraxe
910 1090 1076 1141 dabunt

319 1165 506 1209 Animus
524 1172 717 1209 constans
736 1172 779 1206 et
797 1163 955 1217 blanda
973 1164 1104 1222 quies

322 1239 500 1283 Homini
519 1239 670 1281 misero
688 1253 776 1281 esse
795 1253 960 1282 necesse
979 1247 1058 1283 est.

746 1323 814 1367 17.
835 1313 955 1356 Idem
976 1314 1238 1363 Alexmndav.

380 1389 615 1432 Commune
635 1388 763 1432 mori:
797 1389 871 1434 sed
889 1389 970 1433 rite
984 1389 1144 1433 malum

321 1465 557 1506 Commune
576 1462 680 1521 pati,
698 1463 897 1521 sapientis
914 1479 1038 1522 opus.

422 1577 425 1581 ,
555 1527 558 1531 ’
777 1537 842 1579 18.
864 1536 985 1580 Idem
1000 1536 1212 1581 Alcmena.

380 1611 577 1655 Adversa
595 1619 708 1655 recte
726 1611 837 1656 ferre
855 1626 1104 1669 generosum
1125 1610 1256 1654 decet.

817 1698 882 1742 19.
904 1685 1024 1729 Idem
1043 1684 1187 1728 AEolo.

381 1758 476 1802 Pati
496 1774 660 1802 necesse
679 1767 765 1801 est:
797 1767 842 1801 at
861 1758 979 1816 quod
997 1756 1232 1801 immittunt
1251 1757 1336 1800 Dei

323 1835 439 1876 Bene
458 1833 567 1876 ferre
587 1832 778 1890 quisquis
797 1831 959 1884 didicit,
979 1831 1019 1875 is
1035 1847 1132 1875 vere
1153 1831 1272 1889 sapit.

716 1919 783 1951 20.
806 1906 925 1951 Idem
946 1906 1274 1964 Bellerwhcmte.

379 1983 492 2024 Nam
511 1981 757 2038 neutiquam
776 1980 992 2024 hominem
1009 1980 1136 2024 rebus
1156 1979 1276 2026 irasci
1295 1978 1442 2022 decet:

321 2056 395 2099 Nil
415 2056 573 2113 quippe
593 2064 754 2098 curant.
805 2055 979 2097 Vertere
999 2063 1044 2098 at
1063 2054 1106 2097 in
1127 2069 1229 2098 usus
1250 2068 1347 2095 suos

322 2130 448 2183 Quod
467 2145 587 2172 casus
606 2130 742 2181 offert,
764 2129 973 2187 optimum
992 2144 1040 2171 ac
1059 2127 1315 2171 tutissimum
1336 2135 1410 2170 est.

792 2215 858 2246 22.
880 2201 992 2244 Idem
1011 2202 1194 2245 Helena.

379 2277 576 2319 Dolenda
593 2277 758 2335 pateris.
809 2277 955 2320 Video.
1001 2276 1273 2324 Tentandum
1293 2285 1434 2320 tamen

322 2351 388 2392 Ut
405 2350 526 2392 facile
547 2349 697 2393 toleres
714 2350 831 2408 quod
844 2350 971 2408 jubet
990 2349 1221 2392 necessitas.

843 2436 910 2480 23.
932 2425 1141 2466 Incertus.

381 2498 435 2539 In
454 2497 607 2539 caelites
625 2497 710 2539 vim
731 2512 815 2539 non
835 2513 982 2555 parare
1002 2506 1065 2540 est
1083 2497 1305 2555 optimum,

323 2572 406 2615 Sed
425 2587 564 2614 amare
582 2572 734 2614 fatum.
781 2571 924 2614 Vetita
942 2571 1018 2629 qui
1037 2571 1214 2614 nimium
1235 2570 1368 2628 cupit,

325 2648 444 2704 Saepe
464 2657 506 2688 et
525 2645 680 2704 paratis
699 2646 826 2688 rebus
845 2661 1046 2688 excussus
1057 2646 1181 2703 jacet.

743 2731 810 2773 24.
833 2720 952 2761 Idem
972 2720 1238 2776 Menalippa.

380 2792 629 2851 Quicunque
650 2794 796 2837 didicit
815 2793 923 2837 dura
944 2793 1129 2836 mortalis
1149 2792 1252 2850 pati,
