1780 3178
403 285 871 334 FLORILEGIUM.
905 291 1010 334 Trr.
1036 293 1102 335 88.

80 395 242 442 Amore
260 396 395 440 victus
413 397 487 455 qui
509 398 628 442 malis
646 414 690 442 se
708 400 901 455 foederat,

79 468 155 523 Sui
174 469 411 527 relinquens
429 471 605 528 posteris
623 473 767 530 probri
786 483 945 520 notam.

78 540 219 583 Vincit
236 541 401 586 facilius
419 542 529 586 dura
546 543 622 588 lux
643 546 846 590 natalium
932 538 944 546 ⁵

78 613 216 664 Quam
234 614 327 657 vilis
345 624 486 658 ortus:
518 631 661 674 pressa
680 626 767 661 tam
785 619 986 677 gravibus
1004 621 1125 664 malis

77 685 243 729 Tamen
261 702 355 729 eooe
373 687 527 731 amicos
546 697 689 732 nostra
706 690 903 735 nobilitas
921 692 1060 736 habet.

650 763 689 805 8.
710 763 842 806 Idem.

131 833 244 876 Novi
263 843 478 892 parentem
497 835 573 892 qui
591 835 846 894 optimarum
865 828 1067 896 partium,

0 955 3 958 ‚
74 906 236 971 Pietate
253 908 404 965 prisca,
425 909 613 952 moribus
631 910 784 954 sanctis
802 911 898 955 fuit.

73 981 158 1032 Qui
175 991 315 1038 posset
331 982 412 1026 isto
429 983 543 1026 filius
560 984 673 1027 nasci
692 985 830 1028 malus

74 1053 299 1098 Genitore?
327 1071 451 1099 nemo
469 1066 533 1100 est
551 1057 627 1115 qui
645 1057 749 1103 mihi
767 1057 813 1101 id
830 1061 1092 1117 persuaserit.

534 1146 576 1189 9.
596 1134 834 1191 Ewnpides
853 1136 946 1178 Ino.

303 1205 430 1262 Spem
449 1204 539 1247 fore
557 1213 607 1247 ut
625 1205 744 1264 regni
762 1206 852 1250 sola

72 1273 185 1316 Olim
204 1286 420 1333 capessant
437 1277 523 1320 alta
540 1277 737 1321 nobilitas
755 1278 868 1322 facit.

609 1365 678 1412 Iro.
699 1353 875 1395 Ibidem.
975 1391 980 1397 .

128 1421 244 1465 Proli
263 1423 454 1466 creandoe
472 1424 673 1481 conjuges
692 1425 815 1468 multi
835 1434 986 1483 parant

2 1480 7 1485 ι
68 1492 225 1538 Forma
243 1496 477 1550 invenusta,
497 1498 627 1541 nobili
645 1499 892 1557 propagine,

68 1568 299 1626 Clau-osque
317 1569 496 1612 honores
513 1579 612 1613 ante
630 1571 800 1614 divitias
816 1571 985 1614 habent.

513 1657 579 1686 11.
599 1645 822 1703 Sophocles
839 1646 968 1689 Alete.

126 1715 171 1759 Si
190 1731 289 1759 vera
305 1716 419 1760 fatus
438 1718 621 1762 nobilem
640 1729 684 1762 te
700 1719 919 1777 praedicas,
956 1708 959 1710 ³

66 1788 323 1847 Proloquere
341 1790 436 1848 quis
455 1791 523 1846 sis,
544 1807 632 1850 qua
648 1792 786 1836 domo.
836 1794 950 1836 Nam
968 1792 1102 1851 pollui

67 1862 266 1905 Sermone
284 1863 402 1906 nullo
420 1863 530 1909 celsa
547 1865 742 1908 nobilitas
761 1874 912 1923 potest.

0 1981 1 1994 2
571 1949 634 1990 14
662 1938 897 1996 Theognis.

0 2010 1 2014 ’
47 2006 274 2057 αῘΝοὺίΗιεῑει
291 2008 415 2050 asinis
434 2018 477 2051 et
495 2009 614 2066 equis
633 2010 758 2052 simul
776 2010 1059 2069 arietibusque

123 2082 212 2124 Dat
229 2082 433 2140 pretium:
465 2098 541 2126 nec
559 2084 613 2126 de
632 2083 786 2126 semine
805 2084 1003 2142 degeneri

0 2115 1 2143 1
64 2154 311 2198 Admissura
328 2156 475 2214 placet.
528 2157 611 2200 Sed
630 2173 773 2216 pravae
791 2174 816 2201 e
834 2158 1036 2216 sanguine
1053 2174 1186 2217 pravo
1239 2142 1243 2145 Ι
1302 2180 1317 2195 ·

125 2227 170 2271 Si
189 2228 266 2271 dos
285 2229 352 2281 sit,
372 2241 527 2286 praesto
543 2240 607 2273 est
624 2230 783 2288 optima
801 2230 1010 2273 conditio:

66 2301 110 2343 N
111 2317 157 2343 ec
175 2301 428 2360 dedignatur
447 2303 662 2361 ditemque
680 2303 923 2361 malumque
941 2303 1139 2346 maritum

123 2374 337 2418 Foemina:
369 2375 526 2419 divitiae
543 2392 634 2434 prae
651 2377 860 2435 probitate
878 2376 1054 2435 placent.

63 2448 112 2490 In
132 2449 266 2506 pretio
283 2449 464 2507 pretium
484 2459 568 2493 est:
599 2466 734 2508 genus
751 2459 794 2494 et
812 2450 1039 2509 praenobile
1056 2449 1144 2502 vili,

123 2521 359 2564 Obscurum
379 2521 504 2575 claro,
525 2523 669 2566 miscet
688 2523 877 2568 avaritia.

729 2906 797 2949 1'3

1336 307 1423 351 2¹3
