1780 3178
325 240 407 285 152
725 226 986 269 IOANNIS
1020 225 1259 270 STOBAEI

572 334 821 377 Zenodotus.
845 331 1047 390 [Anthol.
1068 333 1249 376 Planud.
1274 334 1310 376 Ι.
1337 334 1425 391 ¹4]

326 409 403 453 Ad
420 408 558 452 fontes
575 423 756 466 puerum
774 408 917 466 posuit
936 408 1032 466 quis
1051 408 1237 467 sculptor
1259 409 1477 460 Amorem,

384 482 594 541 Extingui
614 497 786 540 sperans
802 482 975 524 flumine
994 497 1116 540 posse
1133 482 1269 525 faces?

611 556 819 597 Incertus.
844 553 1041 611 [Anthol.
1064 554 1156 597 Pal.
1179 555 1264 597 IX.
1292 557 1379 614 15.]

329 632 453 673 Heus
471 628 639 687 vigilem
659 628 734 686 qui
753 636 874 671 nocte
893 643 1017 686 paras
1035 628 1259 671 accendere
1278 628 1506 680 flammam,

388 706 450 746 Et
469 702 632 746 facibus
650 702 778 746 velles
797 702 942 745 lumen
961 702 1117 746 habere
1135 702 1235 756 tuis,

334 781 462 822 Sume
479 794 572 821 meo
590 777 734 820 lumen
754 777 808 819 de
826 786 1006 835 pectore.
1057 779 1171 820 Nam
1194 793 1287 820 mea
1305 777 1458 835 flagrat

389 854 511 896 Intus
531 851 716 895 scintillis
734 850 1026 893 flammivomis
1044 851 1198 893 anima.

872 926 1133 968 Theocritus.

506 1000 618 1043 Abit
633 999 718 1053 ille,
738 999 868 1058 pedes
886 1015 1142 1057 quocunque
1159 1000 1365 1052 ferebant,

335 1075 405 1118 Ah
425 1075 621 1118 demens:
652 1073 713 1117 ita
731 1081 882 1116 cuncta
899 1073 1039 1131 gravis
1058 1074 1179 1116 Deus
1198 1082 1359 1118 usserat
1377 1090 1484 1117 ossa.

942 1149 1075 1191 Idem.

396 1222 550 1265 Omnia
567 1222 704 1265 fausta
724 1223 876 1275 forent,
897 1238 1062 1280 possem
1081 1222 1114 1265 si
1134 1222 1290 1281 pellere
1307 1224 1524 1266 Amorem.

310 1291 312 1293 ¹
339 1297 467 1339 Nunc
487 1311 647 1348 sumus,
668 1312 694 1339 o
713 1296 816 1338 mihi
835 1296 919 1338 fide
941 1296 1208 1354 Thyoniche,
1228 1312 1305 1339 ceu
1324 1297 1416 1355 pice
1435 1313 1577 1340 mures

342 1369 546 1412 Gustata:
575 1378 698 1412 tanto
715 1384 792 1411 nec
811 1384 910 1426 quae
927 1368 1134 1411 medicina
1151 1369 1285 1412 furori

341 1442 561 1485 Novimus.
574 1422 589 1441 Ι
613 1444 672 1485 At
692 1452 833 1486 natam
857 1443 997 1486 Simus
1015 1443 1180 1501 periens
1199 1443 1434 1502 Epichalci,

342 1515 540 1573 AEqualis
559 1530 691 1568 meus,
713 1531 880 1558 emenso
899 1515 1009 1558 redit
1028 1532 1197 1574 aequore
1217 1532 1356 1559 sanus.

344 1590 515 1646 AEquor
534 1597 576 1632 et
595 1588 683 1647 ipse
702 1597 866 1648 petam:
899 1588 1017 1631 miles
1035 1605 1120 1631 non
1138 1589 1337 1647 optimus,
1357 1599 1402 1632 at
1421 1606 1496 1634 nee

345 1662 579 1706 Pessimus:
611 1661 655 1706 in
673 1662 813 1706 medio
833 1662 933 1705 satis
950 1672 1013 1705 est
1031 1663 1252 1706 consistere
1271 1679 1413 1707 censu.

950 1737 1081 1780 Idem.

405 1809 631 1852 Ardebant
649 1809 822 1868 paribus
841 1826 885 1852 se
902 1810 1102 1853 lancibus.
1153 1812 1302 1853 Aurea
1319 1812 1534 1869 quondam

351 1883 528 1936 Saecula,
549 1899 646 1927 cum
667 1899 830 1943 semper
849 1884 1084 1927 redamaret
1102 1893 1267 1928 amatus
1284 1895 1506 1929 amantem.

955 1959 1088 2002 Idem.
1155 2006 1158 2008 v

408 2031 527 2073 Vidit
546 2042 595 2073 ut
614 2032 835 2090 Europam
856 2032 1017 2076 Divum
1035 2042 1170 2091 pater,
1189 2033 1301 2076 ilicet
1319 2033 1391 2076 olli

353 2106 453 2147 Non
471 2105 578 2147 bene
596 2105 773 2162 provisis
791 2106 1005 2149 feriuntur
1019 2107 1151 2149 corda
1169 2107 1344 2164 sagittis,

354 2176 407 2221 Vi
423 2179 609 2231 Veneris,
631 2179 749 2222 novit
767 2195 864 2237 quae
884 2180 1049 2223 vincere
1069 2180 1157 2224 sola
1176 2182 1428 2224 Tonantem.

961 2255 1091 2297 Idem.

587 2326 688 2369 Tibi
709 2342 761 2369 ne
781 2327 915 2370 durus
934 2327 987 2370 sit
1006 2329 1144 2371 Amor
1163 2329 1299 2380 Deus,

359 2403 610 2443 Humanum
631 2402 705 2458 qui
727 2411 811 2444 tam
832 2402 952 2444 facile
972 2402 1187 2460 ingenium
1207 2402 1365 2455 domat,

359 2476 421 2517 Et
440 2490 507 2517 me
526 2475 704 2537 mossivit
721 2476 883 2518 fueram
904 2476 978 2534 qui
997 2477 1169 2519 ferreus.

962 2550 1093 2592 Idem.

421 2623 486 2663 At
505 2637 587 2664 non
608 2622 796 2680 effugies,
816 2601 943 2680 quem
965 2623 1081 2666 nulla
1099 2624 1262 2681 effugit,
1283 2626 1497 2668 Amorem.

965 2699 1095 2739 Idem.

366 2768 504 2811 Triste
523 2770 620 2813 satis
639 2771 787 2827 frigus,
804 2770 942 2813 fluviis
962 2770 1197 2813 labentibus
1217 2782 1351 2822 aestas,
