1780 3178
369 206 455 290 *144
776 238 1030 281 1oANNIS
1063 237 1300 282 STOBAEI

815 357 859 398 4.
879 345 999 387 Idem
1017 346 1248 404 Antigona.

426 420 457 461 J
461 433 637 461 uvenem
656 418 858 461 calentem
879 419 1050 462 Veneris
1069 419 1272 462 indomita
1289 421 1380 464 face

369 496 529 536 Arcere
548 492 693 551 vigiles
712 508 797 535 non
815 492 956 535 valent
974 493 1186 536 custodiae.
1634 500 1697 539 ἶ

369 569 506 609 Amor
525 567 627 624 ipse,
647 565 839 624 quamvis
857 565 1050 618 rudibus,
1070 566 1287 624 ingenium
1305 568 1416 611 facit.

369 640 507 683 Dulce
526 650 568 684 et
588 639 752 683 salubre
771 655 868 697 quae
887 639 1062 683 modum
1082 640 1198 683 novit
1218 641 1371 684 Venus.
1416 681 1417 684 ,

811 724 852 770 5.
875 714 991 756 Idem
1010 715 1259 772 Hippobyto.

426 787 619 829 Ferenda
636 802 721 829 non
740 796 817 839 est,
837 795 925 830 tota
943 802 1041 830 cum
1061 803 1148 830 sese
1167 788 1341 840 excutit,

368 859 526 911 Venus,
546 859 728 917 benigna
747 868 893 917 sponte
912 860 1076 902 cedenti
1096 861 1217 903 Dea:

368 935 434 976 At
451 934 484 976 si
503 933 598 991 quis
617 933 701 975 alto
721 932 869 990 spiritu
889 932 1021 976 obniti
1040 942 1175 991 parat,

370 1009 502 1050 Hunc
519 1006 592 1050 illa
609 1006 816 1050 domitum
836 1014 986 1050 tractat
1006 1006 1303 1050 inclementius.

883 1082 923 1123 6.
945 1081 1182 1139 Sophocles.

426 1155 568 1207 Pueri,
590 1155 733 1197 Venus
751 1169 848 1211 quae
867 1154 994 1207 dicta,
1014 1168 1099 1197 non
1118 1163 1283 1198 tantum
1301 1164 1364 1199 est
1383 1157 1539 1210 Venus,

369 1229 455 1272 Sed
473 1228 660 1271 omnium
680 1243 767 1270 una
784 1227 1000 1270 nominum
1020 1228 1106 1271 vim
1125 1229 1332 1286 possidet:

367 1302 616 1359 Eademque
637 1301 716 1344 Dis
735 1312 811 1353 est,
832 1301 979 1359 visque
997 1317 1083 1344 non
1103 1303 1360 1360 superabilis,

368 1375 532 1418 Eadem
551 1375 670 1417 furor
688 1373 929 1433 limphatuS‚
950 1376 1096 1418 eadem
1115 1377 1197 1419 mel
1217 1393 1379 1421 merum
1446 1374 1454 1388 “

368 1450 554 1502 Amoris,
576 1449 721 1492 eadem
740 1436 897 1492 luctus}
942 1450 1092 1494 Insunt
1111 1451 1263 1504 omnia,

368 1522 583 1574 Studium,
603 1521 722 1579 quies
741 1519 980 1579 tranquilla,
1002 1520 1172 1566 violenti
1190 1524 1383 1583 impetus.

369 1597 561 1648 Quorum
580 1594 785 1637 medullas
803 1595 1037 1653 occupavit,
1058 1596 1235 1654 liquitur

368 1669 453 1712 His
470 1669 619 1712 anima„
668 1669 795 1712 Tanti
814 1669 996 1712 numinis
1018 1670 1125 1728 quid
1142 1670 1348 1714 liberum?

367 1743 446 1786 Illa
463 1752 506 1785 et
525 1751 715 1785 natantes
733 1741 889 1785 caerulo
907 1742 1040 1800 pisces
1059 1742 1145 1786 salo

368 1817 430 1859 Et
448 1815 567 1858 humi
587 1822 816 1873 vagantum
834 1815 956 1858 saeela
974 1816 1300 1875 quadrupedum
1319 1818 1454 1862 subit:

366 1889 446 1932 Illa
463 1888 571 1931 inter
589 1889 700 1946 ipsos
718 1887 836 1931 alites
854 1887 940 1930 alas
958 1888 1121 1946 quatit:

369 1963 575 2006 Homines
594 1963 786 2020 ferasque
805 1963 1019 2020 subjugat,
1041 1965 1225 2022 Superos
1243 1980 1423 2023 quoque.

368 2039 481 2081 Nam
500 2052 628 2095 quem
647 2038 838 2080 Deorum
857 2037 1006 2081 adorta
1023 2053 1108 2080 non
1127 2037 1215 2081 iter
1234 2038 1398 2096 dejicit?

369 2112 431 2154 Et
450 2111 483 2154 si
503 2110 618 2168 loqui
638 2111 702 2153 fas
725 2114 841 2167 (vera
861 2111 934 2154 sed
951 2111 1015 2154 fas
1034 2120 1097 2154 est
1116 2111 1252 2169 loqui)

368 2186 400 2228 J
401 2184 490 2228 ovis
508 2199 579 2227 cor
597 2184 736 2242 ipsum
756 2193 951 2243 superat:
983 2194 1110 2243 atque
1129 2185 1249 2228 hasta
1267 2184 1367 2237 sine,

370 2259 468 2302 Sine
487 2273 583 2300 ense
600 2266 752 2300 cuncta
769 2257 943 2316 dissipat
960 2258 1110 2301 victrix
1130 2259 1274 2302 Venus

370 2331 619 2375 Mortalium
637 2331 806 2375 consilia
823 2341 866 2375 et
885 2332 1193 2375 immortalium.
1684 2357 1690 2382 2

826 2418 863 2460 7.
886 2406 1001 2447 Bion
1021 2406 1244 2449 Bucolicis.

426 2480 522 2521 Aut
541 2480 681 2520 Musae
699 2487 884 2522 metuere
904 2478 1126 2537 Cupidinis
1144 2494 1289 2537 aspera
1309 2478 1415 2521 tela:

370 2553 458 2594 Aut
477 2551 672 2594 adamant
690 2552 837 2609 magiS‚
858 2559 899 2595 et
918 2551 1092 2610 vestigia
1111 2567 1273 2610 semper
1291 2551 1476 2594 adorant.

412 2738 421 2760 ¹
436 2739 543 2771 Olim:
569 2741 702 2773 tandem
717 2740 836 2773 obruit.
867 2739 937 2771 'Ea-1
954 2739 1029 2783 τρισὶ
1044 2738 1200 2779 γεύματι,
1215 2739 1354 2783 {gigonem
1371 2738 1421 2772 τὴν
1433 2738 1542 2774 See-v.
1556 2739 1694 2773 Salmas.

372 2796 435 2828 Ex.
450 2796 534 2828 Plin.
551 2805 622 2839 29¹·
