1780 3178
447 252 903 301 FLORILEGIUM.
938 260 1043 303 Trr.
1063 274 1132 318 33.

111 363 292 421 Ipsoque
311 380 436 408 cursu
458 367 657 425 temporis
674 370 800 412 finem
820 373 1000 430 assequi,

111 436 270 489 Unam,
291 447 340 480 ut
360 438 542 492 videtur,
562 450 716 498 praeter
734 443 1066 502 impudentiamz'

112 510 296 553 Mortale
315 511 473 570 quippe
484 509 579 570 'quo
598 515 731 574 magis
747 518 895 562 crescit
911 535 1060 577 genuS,

111 583 210 627 Hoc
232 583 305 627 illa
323 600 367 627 se
386 585 434 628 fit
453 585 496 628 in
516 587 606 630 dies
624 589 820 633 adultior.

527 673 565 716 7.
587 663 830 707 Menander
853 667 1031 710 Carina.

456 735 495 776 Ο
515 736 707 778 Deorum
726 739 910 782 maxima

109 805 152 846 N
156 819 238 847 unc
258 806 538 864 Impudentia‚
559 809 594 852 si
614 818 657 853 te
675 811 740 854 fas
758 811 841 854 dici
861 814 1016 856 Deam:

107 879 173 922 At
191 880 266 922 fas.
316 882 427 924 Nam
447 898 559 926 nunc
578 885 695 942 quod
714 896 878 944 regnat,
898 903 988 931 mos
1007 905 1163 933 numen
1182 900 1323 934 vocat:

110 954 207 1004 Quo
225 954 472 1011 processisti,
492 972 664 1015 quoque
683 960 883 1016 procedes
901 961 1072 1004 adhuc?

485 1097 788 1148 TITULUS
821 1099 1076 1150 XXXIII.

588 1196 663 1236 DE
692 1198 964 1239 smnNTm.

642 1296 678 1325 1.
705 1285 925 1327 ercinus.

167 1350 321 1393 Multis
339 1352 545 1395 malorum
565 1355 797 1398 remedium
817 1365 880 1399 est
900 1356 1125 1410 silentium,

110 1425 296 1482 Egregia
314 1426 505 1483 praebens
525 1428 644 1486 signa
662 1439 834 1473 moratae
853 1430 1015 1473 indolis.

621 1514 659 1546 2.
682 1499 937 1547 Menander.

88 1605 91 1610 .
167 1571 216 1613 In
235 1582 359 1616 aetate
379 1574 568 1617 utibilius
588 1575 647 1618 nil
667 1575 832 1620 silentio
851 1587 924 1620 est.

549 1663 590 1706 3.
612 1650 834 1708 Scphocles
854 1652 1010 1695 Aleasi.

167 1719 276 1761 Tace
294 1735 427 1778 puer:
459 1721 570 1764 bona
588 1737 742 1780 magna
759 1731 859 1766 sunt
876 1723 1038 1768 silentii.

656 1810 698 1850 4.
726 1797 896 1841 Chares.

167 1866 350 1925 Linguae
370 1866 543 1911 modum
563 1878 704 1913 tenere
724 1871 986 1930 praecipuum
1006 1884 1125 1932 puta.

107 1942 139 1982 J
143 1941 267 1983 uveni
287 1942 458 2000 senique
475 1942 652 2000 gloriam
672 1960 835 2002 semper
853 1947 965 2004 parit

109 2014 276 2057 Edocta
293 2014 438 2073 lingua
456 2015 661 2058 conticere
678 2016 723 2058 in
743 2026 941 2076 tempore.

527 2108 539 2119 2
592 2104 633 2148 5.
655 2091 962 2136 Athenodorus.

169 2162 337 2204 Tutum
356 2162 469 2205 fideli
488 2163 709 2221 praemium
730 2164 894 2208 silentio
914 2176 991 2209 est.

648 2239 691 2280 6.
711 2239 901 2297 Amphis.
1030 2285 1034 2287 ,

165 2309 468 2352 Taciturnitate
487 2310 604 2354 nulla
622 2311 714 2354 laus
733 2314 1009 2370 praestantior.

619 2396 658 2440 7.
680 2386 936 2430 Phihmides.

168 2455 387 2499 Silentium
406 2459 723 2502 anteferendum
743 2470 806 2503 est
824 2461 1161 2520 vaniloquentiae.

544 2544 611 2589 17.
631 2534 848 2577 Horraem
867 2535 1013 2578 Iliade.

168 2612 189 2642 P
200 2604 231 2645 J
235 2603 374 2646 udicio
391 2605 585 2649 Thersita
603 2621 746 2649 carens
764 2623 813 2651 ac
831 2609 1008 2668 prodige
1027 2606 1178 2654 voc'um

110 2675 279 2728 Desine,
301 2692 376 2719 nec
396 2678 484 2735 regi
503 2687 644 2735 persta
662 2670 913 2725 contendere
933 2683 1060 2726 solus.

557 2821 574 2843 ι’
590 2815 687 2848 Refer
702 2817 743 2848 ud
758 2816 827 2848 Tit.
843 2818 1001 2851 xxxvl.

769 2890 795 2915 G
815 2889 840 2930 3

1395 264 1450 319 85
