1780 3178
473 270 943 315 FLORILEGIUM.
975 272 1076 315 Trr.
1098 283 1166 330 97.
1413 287 1492 332 ²31

223 383 351 435 Quod
371 384 506 426 ventri
526 385 625 427 satis
644 393 707 428 est
724 393 768 428 et
786 385 906 428 lateri
925 394 969 429 et
986 386 1180 444 pedibus,

167 455 432 514 Deliciasque
451 457 543 499 tori.
594 459 707 501 Nam
725 474 823 501 cum
842 459 1047 502 maturuit
1065 469 1181 511 aetas,

157 567 160 570 .
223 530 283 572 Et
301 530 389 573 vita
406 530 450 572 in
469 531 607 574 medio
627 532 778 574 florida
795 533 1003 576 curriculo
1021 542 1098 584 est,

165 603 260 644 Has
279 603 385 645 solas
403 603 530 646 homo
549 604 674 646 sentit
691 621 803 662 opes.
850 607 1128 664 Quaecunque
1145 616 1372 665 supersunt

222 675 296 718 Nil
315 676 467 719 horum
486 677 542 719 ad
563 677 731 735 Stygias
749 693 825 721 nos
842 679 1065 722 comitatur
1083 695 1225 738 aquas.

163 749 255 791 Nec
274 764 386 791 mors
404 750 662 802 muneribus,
683 765 760 793 nec
777 752 913 794 morbi
932 752 1078 795 cedere
1097 763 1268 806 norunt,

220 823 313 865 Nec
330 838 498 881 serpens
517 824 697 866 tremulo
715 840 846 867 curva
865 835 1030 868 senecta
1047 826 1170 884 pede.

478 897 809 955 &Antiphma
827 899 1175 943 Adokscentibm.

217 969 391 1012 Divitiae
409 970 553 1013 multis
572 979 671 1014 sunt
687 971 1026 1030 integumentum
1044 973 1178 1026 malin,

160 1045 202 1087 Ο
221 1052 375 1086 mater:
408 1053 453 1087 at
471 1045 696 1103 conspicua
715 1055 758 1088 et
775 1046 1038 1104 despicabilis

160 1119 248 1161 Res
265 1128 582 1178 est'paupertas.
623 1117 626 1121 ⁴

681 1209 720 1252 9.
748 1197 978 1256 Theognis.

160 1266 400 1309 Multorum
418 1283 485 1310 res
503 1278 619 1324 arcta
636 1269 750 1312 domi
770 1271 998 1314 virtutibus
1017 1272 1175 1315 obstat:

217 1340 350 1383 Multi
369 1341 414 1384 'm
432 1341 589 1384 divitiis
605 1351 774 1401 tegmen
791 1345 950 1388 habent
967 1345 1094 1388 vitiis.

693 1430 758 1460 10.
784 1419 959 1462 Critias.

215 1487 413 1545 Sapiente
432 1498 680 1547 paupertate
697 1491 864 1535 divitias
882 1493 1010 1536 rudes

157 1561 330 1603 Habere
349 1561 478 1604 satius
496 1564 813 1607 contubernales
829 1565 956 1608 domi.

558 1650 622 1679 11.
643 1639 880 1696 Euripides
905 1640 1097 1698 Telepho.

211 1707 350 1750 Tenui
368 1717 520 1766 paratu
534 1709 674 1753 vivere
692 1712 888 1769 equidem
908 1714 1118 1767 mavelim,

155 1781 294 1831 Quam
313 1781 523 1838 possidere
541 1783 715 1826 divitem
735 1785 1031 1842 aegrimoniam.

676 1870 740 1902 12.
762 1859 976 1903 Anwnius.

213 1927 419 1970 Homines
437 1928 597 1971 duosve
616 1938 754 1973 tresve
771 1931 807 1973 si
827 1932 954 1975 domo
972 1932 1156 1986 claudas,

154 2000 346 2058 Aurique
363 2002 545 2059 pondus,
565 2012 694 2061 atque
711 2005 914 2062 pauculas
931 2007 1061 2056 ficus;

154 2073 270 2124 Quid
288 2074 393 2116 ficus
412 2090 516 2118 auro
534 2085 718 2133 praestet‚
739 2077 850 2121 illico
869 2095 1024 2123 cernes.

548 2162 613 2206 13.
635 2151 877 2194 Menander
893 2153 1100 2196 Fidicine.

211 2218 310 2275 Ego
329 2221 600 2264 autumabam
620 2223 786 2275 divites,
800 2241 827 2267 ο
848 2226 1026 2278 Phania,

156 2290 210 2332 In
230 2305 312 2333 aere
331 2292 481 2336 vivunt
500 2295 575 2352 qui
596 2311 687 2348 suo,
708 2312 785 2339 nec
803 2298 998 2341 noctibus

78 2410 81 2413 ,
155 2364 343 2421 Suspiria
361 2380 499 2423 agere,
521 2381 596 2410 nec
616 2383 687 2411 sus
706 2369 844 2427 deque
866 2371 1033 2422 vortier,

154 2437 245 2478 Nec
264 2436 401 2480 dicere
419 2439 551 2482 eheu:
586 2440 659 2482 sed
678 2442 906 2499 tranquilla
922 2442 1101 2485 molliter

154 2509 261 2552 Frui
281 2511 433 2568 quiete.
485 2513 568 2556 Illa
583 2530 670 2557 esse
687 2530 925 2573 pauperum
944 2515 1065 2558 mala„

152 2584 212 2624 At
230 2597 343 2626 nunc
362 2599 436 2627 vos
456 2585 592 2638 video,
613 2602 721 2644 quos
737 2587 882 2630 beatos
900 2588 1144 2645 praeditam,

154 2656 294 2699 Vitam
313 2673 410 2700 cum
430 2667 571 2702 nostra
590 2659 731 2702 vivere
750 2660 1103 2718 aequiparabilem.

571 2745 635 2786 14.
658 2733 894 2790 Euripides
913 2734 1079 2774 Danae.

214 2801 411 2860 Plerique
428 2803 601 2861 plenum
615 2805 810 2862 judicant
830 2805 1030 2863 sapientia

805 2893 832 2922 α
851 2892 880 2931 4
