1780 3178
437 243 907 291 FLORILEGIUM.
937 244 1040 290 Τιτ.
1067 247 1160 289 116.

639 358 689 402 8.,
705 359 959 406 Menander.

187 429 369 474 Molesta
386 430 513 490 longa
532 432 619 476 vita
638 442 700 477 est
713 450 730 479 ε.
755 450 783 476 o
804 433 965 478 senium
980 449 1125 493 grave,

110 494 268 556 ·Quam
288 505 392 547 nihil
411 506 581 549 omnino
599 507 684 551 fers
702 507 803 551 boni
822 508 1074 562 viventibus,

130 579 252 622 Mala
269 579 405 623 multa
422 590 466 623 et
484 581 640 624 luctus.
692 583 899 632 Attamen
919 591 960 625 te
979 582 1186 640 attingere

130 654 339 712 Optamus
358 670 502 698 omnes
520 664 649 714 atque
667 657 1011 715 concupiscimus.

603 744 646 787 9.
662 731 782 773 Idem
802 731 1002 774 AErm-ia.

189 803 297 845 Sene
314 811 378 845 est
395 811 562 846 amante
580 803 685 846 nihil
704 803 1019 857 infortunatius‚

129 875 223 918 Nisi
240 876 350 919 forte
368 884 530 919 amator
547 875 652 920 alter
671 892 887 935 aequaevus
905 893 1055 920 senex:

130 950 244 992 Nam
263 950 339 1008 qui
357 966 408 994 ea
424 949 551 1008 potiri
570 950 825 1009 concupiscit
843 967 871 994 a
889 951 1047 1009 quibus

130 1025 281 1083 Ipsum
300 1034 414 1069 arcet
431 1034 546 1078 aetas,
567 1026 782 1083 quomodo
800 1042 885 1070 non
906 1027 958 1070 sit
977 1027 1127 1070 miser?

452 1151 456 1153 >
637 1113 702 1143 10.
729 1101 965 1160 Theognis.

130 1173 231 1215 Non
250 1188 333 1231 ego
348 1174 593 1233 pauperiem
611 1184 770 1228 metuo,
790 1190 868 1219 nec
887 1176 1250 1234 deprecor'hostes

188 1247 274 1300 Qui
292 1263 445 1291 nomen
463 1249 675 1293 celebrant
693 1266 770 1308 per
788 1251 1010 1295 maledicta
1028 1267 1195 1295 meum:

133 1322 218 1366 Sed
235 1338 302 1366 me
321 1323 421 1366 flere
433 1324 560 1382 jubet
575 1324 744 1383 fugiens
762 1325 947 1368 formosa
958 1326 1173 1384 juventas,

188 1397 251 1440 Et
269 1397 438 1440 veniens
457 1398 638 1442 tremulo
656 1414 788 1442 curva
806 1411 972 1442 senecta
989 1401 1140 1458 gradu.

270 1488 274 1489 ⁷
696 1486 714 1515 1
729 1487 760 1515 1.
782 1474 915 1516 Idem.

133 1546 220 1589 Hei
239 1546 341 1588 mihi
359 1547 560 1604 pubertas
577 1547 727 1600 dulcis,
746 1547 960 1605 tristisque
981 1556 1187 1600 senectus,

190 1621 317 1673 Quod
335 1620 448 1679 fugit
466 1621 539 1664 illa
556 1637 583 1664 a
600 1637 683 1674 me,
703 1621 822 1679 quod
842 1622 956 1665 venit
974 1622 1055 1665 ista
1073 1621 1190 1664 mihi.

618 1708 684 1740 12.
707 1696 993 1739 Pherecrates.

192 1768 232 1811 Ο
251 1783 380 1826 quam
400 1777 590 1811 senectus
608 1768 738 1812 tristis
755 1784 801 1811 es
819 1769 1067 1812 mortalibus

134 1842 195 1884 Et
215 1842 400 1895 taediosa,
420 1843 487 1885 vel
505 1843 560 1885 ob
579 1843 660 1886 hoc
677 1852 832 1901 praeter
850 1851 1014 1895 caetera,

136 1915 263 1968 Quod
281 1931 379 1959 cum
398 1916 600 1960 deficiunt
617 1917 727 1960 vires
743 1933 792 1960 ac
810 1916 992 1959 valentia

137 1989 391 2047 Sapientiam
412 1998 504 2034 tum
523 1989 709 2047 primum
728 2005 805 2032 nos
824 1990 997 2032 doctum
1016 1990 1145 2033 venis.

694 2062 761 2106 Ib.
781 2063 913 2104 Idem.

194 2136 373 2178 Frustra
390 2149 458 2177 me
477 2135 612 2178 aetatis
629 2135 716 2178 huc
729 2135 821 2193 jam
840 2143 1087 2193 provectum
1107 2135 1254 2179 incitas

136 2210 202 2252 Ut
220 2224 287 2252 me
306 2209 465 2252 tricesis
485 2209 694 2267 implicem
709 2209 898 2267 negotiis.

135 2285 233 2341 Ego
252 2298 320 2326 me
338 2298 435 2326 cum
455 2283 643 2326 florerem
664 2283 783 2325 annis
801 2283 1170 2340 praeviridantibus

139 2358 294 2414 Sapere
312 2357 515 2414 putabam
535 2356 745 2415 insipien&
766 2365 809 2399 et
828 2372 1010 2415 quaeque
1030 2367 1081 2400 ut
1099 2357 1202 2400 mihi

138 2432 193 2473 Se
211 2430 340 2474 dabat
358 2431 402 2472 in
422 2441 688 2474 mentem-res
705 2432 917 2489 extemplo
935 2441 1025 2475 erat
1043 2433 1088 2475 in
1107 2447 1235 2475 manu
1248 2451 1260 2475 ε

138 2504 266 2546 Nunc
285 2519 428 2562 sapere
446 2505 548 2547 mihi
568 2505 757 2548 concedit
777 2506 935 2548 extima
953 2506 1115 2561 aevitas.¹

633 2591 695 2635 ¹3·
717 2579 997 2636 Antiphanes.

198 2650 307 2702 Vino
324 2650 542 2708 persimilis
562 2660 663 2694 aetas
681 2660 752 2694 est·
762 2651 1000 2694 mortalium
1015 2669 1024 2694 :
1114 2699 1116 2702 y

139 2725 383 2782 Utrumque
401 2724 549 2768 acescit
567 2725 739 2768 minimo
757 2741 853 2768 cum
875 2735 1059 2783 superest
1083 2726 1160 2767 sui.

1382 249 1466 306 283
