1780 3178
272 175 359 221 350

275 279 373 321 ἔστιν
392 279 428 320 δὲ
447 278 566 335 μήτηρ
589 279 661 334 76,
678 290 716 334 7.

273 336 372 378 ἔστιν
391 334 512 408 ὧσπες
539 350 608 393 13,
620 351 692 393 49.

273 394 407 436 ἔστ-ωδ
409 394 425 436 ε’
443 410 533 435 ποτε
551 395 625 448 46,
641 408 710 451 53.

272 451 368 493 ἔστω
388 468 446 493 σοι
469 461 541 506 74,
558 461 594 506 7.

270 508 420 565 ἐσχάτη
440 512 517 564 γὰρ
542 522 610 560 10,
630 519 696 564 72.

271 565 399 607 ἔσωσα
419 566 546 618 δουλην
569 569 641 619 62,
666 581 728 624 13

271 623 390 672 ἔτεκες
410 642 457 677 με
476 633 547 679 79,
565 624 607 666 8.

269 681 321 722 ἔτι
343 682 379 723 δὲ
401 682 465 723 καὶ
482 682 541 722 διὰ
559 683 717 738 36,3Ι.

269 738 322 780 ἔτι
343 740 379 780 δὲ
400 738 590 788 κολάσεως
617 751 777 796 53,11.

268 795 320 837 ἔτι
342 797 406 838 καὶ
428 800 487 838 νῦν
507 797 579 847 66,
597 809 638 852 3.

267 853 524 925 ἑτοιμάζονται
545 855 616 904 16,
635 868 701 897 20.

266 910 304 953 εὖ
325 914 402 966 γὰρ
422 909 494 952 ’ίσθι
515 911 618 954 Σωκ.
635 911 713 968 83,
731 925 797 968 29.

266 969 304 1011 εὖ
325 971 403 1024 γὰρ
424 967 486 1009 τόδ
487 969 560 1022 ’4,
574 982 643 1024 31.

266 1026 304 1068 εὖ
324 1025 405 1067 ἰ’στε
427 1027 497 1082 83,
515 1038 586 1079 24.

265 1083 304 1125 εὖ
322 1100 385 1137 μοι
407 1085 519 1132 δοκεῖς
544 1096 613 1136 21,
630 1095 700 1136 24.

264 1142 458 1198 εὐαγωγὸν
477 1143 554 1196 γοὶρ
577 1153 647 1197 73,
662 1142 732 1197 63.

263 1198 458 1254 εὐαγωγόν
478 1199 515 1239 δὲ
539 1208 561 1252 7
565 1211 609 1254 3,
624 1200 693 1252 64.

263 1255 461 1310 εὐγνώμων
482 1258 498 1295 ὁ
519 1258 570 1309 μὴ
594 1265 661 1310 17,
678 1256 743 1300 26.

263 1312 468 1367 εὐδαίμονες
493 1325 589 1369 103,
605 1322 646 1369 5.

261 1369 471 1424 εὐδαιμονία
492 1381 563 1422 22,
577 1384 646 1426 31.
818 1420 826 1426 ο

262 1426 472 1482 εὐδαιμονία
491 1429 569 1483 γὰρ
596 1441 691 1484 103,
709 1440 775 1471 20.

262 1484 490 1539 εὐδαιμονίαν
514 1498 610 1541 103,
623 1486 687 1527 16.
712 1498 782 1529 21.

261 1541 486 1596 εὐδαιμονίας
507 1543 606 1584 τοῦτ’
629 1553 746 1597 77,4

260 1597 527 1653 Εὐδαιμονίδας
545 1609 617 1655 54,
631 1602 700 1656 65.

259 1655 477 1709 εὐδαιμόνων
497 1670 595 1713 103
610 1660 653 1699 6.

259 1713 438 1767 εὐδαίμων
463 1726 561 1770 103,
582 1727 648 1758 12.
669 1727 737 1772 23.

258 1770 379 1820 εὐηθία
399 1787 454 1812 τοι
474 1785 519 1824 4,
539 1772 605 1814 28.

259 1828 411 1882 εὐθυμία
430 1829 501 1879 62,
514 1842 586 1883 31.

257 1884 453 1938 εὔθυμος
423 1902 470 1927 ων
493 1898 592 1938 120,
608 1900 649 1942 9.

258 1942 570 1998 εὐκαταφρόνητον
592 1945 662 1998 96,
669 1954 714 2000 5

257 1999 569 2073 εὐκαταφρόνητος
594 2002 690 2053 118,
702 2015 771 2058 31.

257 2057 547 2129 εὐκατηγόρητος
568 2058 754 2115 98,156.

256 2113 425 2156 εὔκλειαν
447 2114 584 2167 ἔλαβον
607 2129 677 2171 29,
693 2129 762 2159 20.

257 2170 460 2222 Εὐκλείδης
483 2176 500 2212 ὁ
521 2171 675 2229 84,15.

255 2231 416 2281 εὐλαβοῦ
434 2246 503 2278 τας
520 2241 595 2282 42,
610 2242 648 2285 7.

254 2285 406 2340 εὐλογὲε
410 2303 439 2327 ιν
460 2286 516 2328 ἐπὶ
540 2300 605 2340 14,
624 2287 662 2330 8.

255 2343 499 2414 εὐλοιδόρητον
516 2354 589 2400 53,
603 2359 643 2401 3.

254 2399 423 2441 εὖπιστον
448 2413 544 2453 104,
559 2412 605 2457 5.

253 2458 449 2508 εὐποιήσεις
469 2459 517 2499 σὺ
536 2459 610 2511 46,
629 2459 698 2502 81.

253 2514 430 2570 εὑρήσομε
415 2533 450 2556 εν
468 2524 541 2570 51,
555 2528 624 2571 29.

253 2571 449 2645 Εὐριπίδης
471 2573 694 2627 ὀνειδίζοντος
713 2587 785 2627 41,
799 2579 839 2618 6.

253 2628 448 2700 Εὐριπίδης
469 2631 583 2673 ἐνδοκ.
603 2640 647 2686 5,
666 2631 733 2674 82.

232 2683 364 2757 ἐυροις
384 2685 460 2726 δ’
433 2698 599 2758 ανν105,
618 2701 682 2729 10.

251 2740 361 2814 εὑρὼν
379 2743 428 2796 μὲ
431 2761 446 2782 ν
449 2742 534 2841 ὀᾶρα
557 2760 598 2801 9,
617 2747 687 2801 69.

251 2798 428 2855 Εὐρώπην
449 2803 563 2855 65,7

250 2858 420 2908 εὐσέβεια
441 2867 511 2911 74,
518 2867 587 2914 59.

249 2916 406 2969 εὐτυχὴς
432 2926 526 2970 103,
543 2928 580 2969 7.

892 166 1131 209 INDEX

1041 281 1185 336 εὔφημα
1211 282 1306 334 108,
1323 292 1398 338 55.

1038 340 1293 411 Εὗφςάντης’
1278 357 1295 380 ⁰
1317 353 1388 395 99
1405 351 1479 395 34·

1038 398 1209 450 Ἐφεσιος
1229 397 1301 450 64,
1319 408 1391 453 37.

1041 453 1102 506 ἔφη
1124 455 1190 508 μὲν
1210 453 1480 511 παραπλησίως
1502 454 1544 505 6,
1558 455 1632 498 62.

1041 511 1102 562 ἔφη
1125 529 1180 560 τις
1200 512 1261 553 τὸν
1281 525 1326 568 3,
1343 513 1412 554 62

1041 568 1147 620 ἔφηκε
1168 569 1204 610 δὲ
1225 570 1289 610 και
1309 582 1384 623 44,
1379 569 1471 668 8.36

1040 625 1155 699 {vegos
1177 625 1234 668 οὖν
1253 639 1326 680 44,
1347 627 1418 682 38

1039 683 1102 738 ἔφυ
1123 684 1170 737 μὲ
1173 701 1190 725 ν
1215 684 1390 736 108,11.

1039 742 1090 794 ἐφ’
1113 739 1142 797 ᾦ
1159 753 1294 797 φρονεις
1315 753 1388 792 22,
1405 741 1472 784 28.

1038 797 1118 872 ἔχει
1138 799 1175 839 δὲ
1196 800 1259 840 καὶ
1257 808 1349 871 54,
1366 811 1433 840 11.

954 864 956 866 ’
1037 855 1117 927 ἔχει
1138 856 1173 897 δὲ
1193 857 1235 897 τὸ
1259 873 1361 913 ιχνος
1382 867 1536 911 70,11.

1037 912 1117 969 ἔχει
1140 912 1253 969 λόγον
1275 914 1338 955 καὶ
1361 915 1433 969 98,
1445 914 1518 969 38.

1036 971 1116 1026 ἔχει
1136 971 1232 1012 τιτὸ
1256 981 1329 1027 57,
1344 984 1385 1027 9.

1036 1027 1102 1101 ἔχε
1087 1046 1135 1069 ιν
1155 1028 1192 1069 δε
1211 1034 1322 1085 πειρῶ
1342 1040 1412 1084 92,
1431 1038 1468 1070 2.

1035 1084 1135 1141 ἔχειν
1156 1102 1196 1126 τε
1216 1091 1326 1142 πειρῶ
1379 1098 1420 1137 1,
1436 1096 1505 1128 22

1035 1142 1134 1198 ἔχεις
1151 1142 1199 1196 μὲ
1202 1160 1218 1184 ν
1239 1145 1384 1198 ἀλγειν’
1410 1142 1508 1194 108,
1520 1154 1589 1186 21.
1605 1153 1677 1186 22.

1033 1201 1160 1256 ἐχθρὸς
1181 1199 1352 1256 γενοίμην
1377 1214 1416 1252 ῐ,
1429 1198 1501 1255 85.

1033 1257 1162 1313 ἐχθρὸς
1181 1258 1320 1308 τάληθῆ
1346 1270 1413 1313 13,
1426 1266 1501 1324 45.

1032 1316 1146 1370 ἐχρῆν
1166 1317 1243 1370 γὰρ
1265 1314 1354 1356 εἶναι
1375 1311 1445 1369 89,
1461 1327 1500 1369 7.

1032 1371 1146 1443 ἕχςην
1165 1373 1234 1425 μὲν
1259 1385 1354 1423 120,
1372 1383 1444 1415 22.

1031 1428 1112 1484 ἔχω
1134 1429 1170 1470 δὲ
1190 1429 1330 1484 τόλμης
1351 1430 1423 1485 63,
1442 1441 1511 1485 23.

1032 1485 1151 1560 ἑώρων
1171 1490 1248 1542 γὰρ
1270 1505 1334 1528 και
1359 1500 1427 1540 14,
1445 1498 1512 1542 25.
1561 1498 1634 1544 93,
1646 1486 1720 1530 28.

1032 1542 1096 1592 ἕως
1116 1542 1160 1584 ἂν
1180 1544 1343 1608 σώζηται
1363 1554 1436 1600 59,
1454 1556 1524 1587 20.
1727 1556 1736 1562 ‘

1032 1658 1263 1706 Ζάλευκος’
1248 1676 1265 1699 ο
1285 1664 1356 1700 τῶν
1375 1670 1449 1715 45,
1465 1668 1531 1714 25.

1030 1715 1136 1769 Ζαμ
1125 1718 1224 1766 ολξις
1245 1718 1315 1767 62,
1328 1728 1397 1772 43.

1030 1773 1121 1820 Ζεὺς
1143 1774 1200 1813 δ”
1188 1777 1300 1831 εφοςᾷ
1322 1784 1392 1830 79,
1411 1774 1475 1815 28.

1029 1830 1172 1886 ξευχθε
1164 1848 1191 1879 ις
1213 1831 1284 1886 67,
1305 1844 1369 1887 13.
1391 1831 1463 1883 68,
1478 1841 1547 1884 24

1029 1889 1179 1941 ζηλοῦτε
1199 1890 1250 1941 μὴ
1272 1900 1343 1941 24,
1371 1890 1431 1931 16.

1028 1947 1127 1998 ζηλῶ
1147 1946 1212 1985 δ”
1192 1945 1366 2001 αγᾶμους
1386 1947 1458 1999 68,
1477 1959 1544 2003 13.

1028 2005 1126 2054 ζηλῶ
1146 2019 1189 2043 σε
1204 2002 1277 2059 58,
1292 2015 1316 2045 2

1027 2061 1189 2111 ζηλωτὸν
1208 2059 1295 2110 ἴσως
1316 2073 1358 2116 9,
1372 2070 1445 2116 50.

1027 2117 1188 2170 ζηλωτὸς
1208 2117 1308 2166 ὅστις
1329 2127 1400 2173 75,
1420 2130 1485 2160 10.

1026 2173 1158 2227 ζημίαν
1179 2178 1279 2230 αἱροῦ
1299 2185 1344 2231 5,
1361 2189 1433 2231 31.

1025 2233 1085 2284 ζῆν
1105 2234 1264 2289 αἰσχρὸν
1289 2243 1357 2287 17,
1381 2246 1417 2274 1.

1024 2291 1084 2340 ζῆν
1105 2291 1182 2344 γὰρ
1209 2303 1228 2331 1
1243 2290 1305 2341 16,
1317 2303 1390 2346 39.

1024 2348 1083 2397 ζῆν
1105 2350 1268 2403 κρεῖττον
1287 2359 1332 2402 5,
1351 2348 1421 2391 28.

1022 2406 1123 2452 Ζῆνα
1144 2405 1180 2445 δὲ
1202 2405 1261 2446 τὸν
1280 2417 1355 2461 31,
1377 2417 1443 2447 12.

1022 2461 1145 2510 Ζήνων
1165 2473 1238 2517 57,
1260 2474 1324 2504 12.

1021 2517 1146 2567 Ζήνων
1164 2519 1378 2574 Ἀντιγόνου
1398 2532 1471 2575 33,
1488 2531 1556 2561 10.

1020 2575 1144 2625 Ζήνων
1164 2577 1200 2617 δὲ
1221 2575 1284 2627 ἔφη
1304 2588 1348 2628 4,
1369 2587 1467 2630 107.

1020 2633 1142 2682 Ζήνων
1163 2633 1290 2689 ἔλεγεν
1309 2632 1382 2688 98,
1399 2634 1471 2675 68.

1019 2689 1142 2738 Ζήνων
1163 2689 1226 2743 ἔφη
1245 2703 1320 2746 43,
1335 2691 1401 2732 88.

1018 2746 1177 2796 Ζήνων
1162 2764 1179 2788 ο
1197 2748 1382 2798 Ἐλεάτης
1404 2757 1447 2802 7,
1463 2747 1535 2804 38.

1018 2803 1141 2854 Ζήνων
1160 2805 1247 2859 πρὸς
1274 2818 1342 2860 15,
1361 2817 1424 2847 12.

1017 2860 1139 2910 Ζήνων
1159 2863 1246 2918 πρὸς
1265 2863 1326 2903 τὸν
1346 2863 1503 2918 36,19.

1017 2918 1140 2968 Ζήνων
1158 2921 1227 2966 τὰς
1251 2918 1321 2970 82,
1334 2930 1378 2974 5.
