1780 3178
473 271 937 315 FLORILEGIUM.
968 273 1069 316 Trr.
1091 275 1162 330 98.

164 386 230 427 At
248 384 364 427 nulla
382 385 564 442 propriae
582 394 753 443 accepta
770 386 908 444 culpae
925 387 1009 430 fert
1027 388 1160 437 mala;

166 457 250 501 Sed
267 473 365 515 quoe
384 466 536 501 natura
550 458 752 517 injunxit,
771 460 838 502 his
856 460 1115 519 defungitur.

155 533 254 575 *Nos
272 547 386 583 vero,
405 541 559 590 praeter
577 549 627 575 ea
644 549 742 591 quae
760 534 843 576 fert
861 535 1095 588 necessitas,

163 605 253 662 Ipsi
272 605 354 649 alia
371 614 514 648 nostra
533 615 680 664 sponte
700 623 827 665 super
845 608 1105 651 accersimus.

161 678 367 720 Dolemus
388 678 462 720 ubi
481 679 577 736 quis
596 679 795 722 sternuit:
828 681 1056 724 convitium

161 749 266 802 Quis
285 749 407 801 dixit,
426 749 718 808 indignamur:
750 744 858 794 v'idit
877 753 1099 805 somnium,

161 824 420 867 Metuimus:
452 824 589 866 ululat
606 833 774 876 noctua,
796 826 1136 870 exhorrescimus.

160 899 313 957 LegeS,
334 899 526 951 honores,
546 898 743 951 ambitus,
763 899 951 951 certatio,

160 973 281 1016 Mala
298 973 389 1016 haec
407 973 565 1015 adscita
582 973 703 1015 nobis
722 982 835 1025 sunt,
856 989 941 1016 non
959 974 1104 1017 adsita.

701 1062 740 1102 9.
763 1047 952 1090 Sotades.

217 1120 410 1163 Mundus
429 1120 593 1177 genitor
610 1120 913 1178 cunctiparens,
935 1130 1131 1178 satorque
1149 1137 1304 1175 rerum,

159 1196 319 1237 Causas
337 1194 555 1236 hominum
575 1209 659 1236 non
677 1194 785 1236 bene
803 1199 920 1236 novit
939 1194 1142 1237 arbitrari.

160 1269 269 1310 Sunt
288 1283 364 1325 per
382 1267 469 1310 sola
486 1276 609 1310 terrae
628 1267 751 1320 mala,
773 1283 935 1326 semper
953 1277 996 1311 et
1015 1269 1148 1321 fuere,

158 1340 396 1398 Multisque
414 1341 533 1383 malis
552 1341 741 1399 undique
757 1341 916 1399 gaudet
935 1342 1188 1385 universum.

158 1414 246 1455 Res
265 1413 437 1455 eximias
454 1415 574 1470 queis
592 1413 676 1455 fuit
693 1413 879 1456 invenire
897 1414 1028 1466 cordi,

159 1486 256 1528 Sive
275 1486 430 1543 ingenii
448 1485 541 1528 laus
559 1486 668 1528 foret
687 1485 772 1537 illa,
794 1485 880 1528 sive
899 1486 1076 1539 dextrae,

158 1561 315 1602 Omnes
333 1558 469 1601 malus
485 1559 563 1601 hos
581 1559 765 1601 cernitur
783 1559 922 1601 exitus
941 1569 1130 1602 secutus:

158 1632 299 1689 quue
317 1648 440 1674 omne
459 1631 615 1674 malum
635 1632 816 1674 fluxerat
835 1649 861 1674 a
878 1642 1051 1690 parente
1071 1633 1254 1675 Mundo.

158 1705 328 1748 Mundo
347 1705 509 1764 sapiens
521 1705 666 1763 judice
686 1707 875 1748 Socrates
894 1715 1084 1763 putatus,

157 1779 328 1821 Mundo
347 1779 509 1837 sapiens
520 1779 666 1836 judice
688 1765 878 1820 Socrates
891 1786 1080 1828 necatur,

155 1855 187 1896 J
191 1869 311 1896 ussus
329 1853 472 1896 bibere
490 1854 534 1895 in
553 1868 716 1895 carcere
734 1852 936 1910 poculum
954 1852 1115 1894 cicutae.

157 1926 292 1969 Crudi
310 1926 457 1984 polypi
476 1926 689 1983 Diogenes
707 1936 920 1984 peremtus
939 1941 1037 1966 esu:

157 2001 392 2043 Testudine
410 2015 507 2043 cum
527 1999 721 2042 scriberet
741 1999 972 2057 AEschylus
990 1999 1175 2041 cadente.

156 2075 326 2118 Glutito
344 2075 463 2117 acino
482 2073 716 2131 strangulat
734 2089 819 2115 uva
838 2081 894 2124 te,
918 2073 1166 2130 Sophocles:

153 2149 217 2190 Te
236 2148 464 2206 Euripides
482 2148 525 2190 in
544 2148 708 2190 Thrace
727 2147 815 2189 solo
833 2162 955 2189 canes
974 2155 1188 2189 vorarunt.

155 2224 268 2264 Atra
285 2221 458 2264 abstulit
475 2221 694 2279 egregium
713 2221 844 2262 fames
864 2222 1114 2262 Homerum.

714 2307 778 2336 10.
797 2295 931 2341 Idem.

212 2370 243 2411 J
247 2377 379 2421 ustus,
399 2369 537 2411 bonus
555 2378 684 2427 atque
702 2368 871 2426 ingenio
892 2359 1044 2419 valens,
1066 2367 1228 2419 beatus,

155 2443 324 2484 Partem
342 2441 511 2485 invidiae
531 2451 574 2483 et
592 2441 774 2483 criminis
793 2450 842 2482 ut
857 2440 964 2483 ferat
983 2455 1145 2482 necesse
1165 2449 1239 2482 est.

155 2515 237 2556 Est
255 2514 350 2571 quis
368 2514 577 2572 locuples?
608 2513 702 2556 labe
721 2513 864 2570 aliqua
882 2521 1050 2555 tenetur
1069 2508 1193 2555 idem.

154 2587 312 2628 Verum
332 2585 429 2644 pius
447 2588 533 2628 est?
563 2584 784 2643 pauperies
802 2584 989 2626 adhaeret
1007 2583 1079 2625 illi.

156 2661 320 2718 Magno
339 2659 450 2702 mala
468 2675 556 2702 sors
574 2658 722 2702 artifici
742 2658 846 2700 solet
865 2673 1027 2700 nocere.

155 2734 186 2774 J
191 2732 272 2775 usti
291 2731 471 2774 retinens
490 2732 542 2774 sit
561 2731 656 2774 licet
674 2731 919 2788 integerque
933 2730 1085 2787 judex,

160 2806 322 2847 Natura
342 2814 478 2848 tamen
499 2804 682 2862 postulat
702 2814 749 2846 ut
768 2804 902 2846 malus
918 2812 1098 2845 vocetur.

1415 288 1495 332 235
