1838 3276
428 295 894 340 FLORILEGIUM.
925 296 1027 339 'rm
1042 301 1119 342 ἀπ.

670 423 734 455 12.
757 411 890 454 Idem.

512 483 623 525 Nam
643 499 732 541 quo
749 484 846 542 quis
865 485 974 542 sapit
992 484 1144 536 minus,

111 558 211 607 Hoc
227 572 348 615 mage
369 557 558 615 superbit
573 558 761 616 pendens
778 558 833 601 de
852 559 1005 616 plausu
1025 559 1118 601 levi.

493 645 562 688 13.
579 633 817 690 Euripide-s·
836 634 1073 676 Alcmaemw.

170 705 363 761 Spectate
382 719 538 761 regem,
559 704 635 761 qui
655 719 796 757 senex,
816 706 960 758 orbus,
980 706 1105 764 fugit.

114 777 280 835 Spirare
299 777 475 820 nimium
495 792 649 835 magna
666 777 884 820 mortalem
904 780 1032 822 nefas.

602 864 673 906 14.
691 853 811 894 Idem
830 853 967 895 AEolo.

172 926 332 967 Tacere
352 925 482 968 satius
500 934 568 968 est
582 925 650 968 'vel
668 925 712 968 in
731 926 919 969 medium
939 943 1016 970 sua

115 999 283 1042 Afferre
301 998 465 1056 placita.
511 1001 577 1041 At
595 998 760 1041 illenec
779 1000 939 1042 amicus
958 1000 1076 1052 mihi,
1093 1030 1097 1032 <

114 1072 206 1113 Nec
225 1071 279 1113 sit
298 1070 463 1122 sodalis,
484 1071 559 1128 qui
579 1071 678 1114 satis
696 1086 773 1128 per
791 1087 835 1113 se
854 1071 977 1129 sapit,

116 1145 289 1187 Ducens
307 1144 460 1187 amicos
479 1145 623 1186 Marte
641 1153 861 1202 captorum
881 1144 984 1186 loeo.

521 1228 586 1274 15.
603 1218 722 1259 Idem
741 1218 1048 1261 Andromacha.

175 1291 426 1348 Quicunque
446 1299 619 1349 turgent
637 1291 802 1349 spiritu,
823 1291 895 1333 vix
916 1291 1123 1334 sustinent

117 1365 296 1409 Meliora
314 1365 443 1408 verba
460 1365 608 1408 audire
625 1366 680 1408 ab
700 1365 979 1408 inferioribus.

626 1441 690 1482 16.
712 1440 948 1482 Demonaoe.
980 1437 983 1441 ’

179 1515 317 1570 Supra
336 1513 450 1554 Deos
469 1527 523 1554 ne
542 1511 675 1570 sapite
693 1511 889 1555 mortales
908 1512 997 1554 sati.

520 1595 585 1641 17.
606 1587 845 1644 Euripides
863 1588 1057 1630 Bacchis.

178 1659 380 1717 Quisquis
399 1675 527 1718 supra
544 1659 864 1717 mortale‘sapit,

122 1732 240 1775 Nihil
259 1732 329 1776 ille
349 1733 468 1791 sapit.
520 1733 668 1775 Brevis
686 1742 750 1775 est
768 1742 892 1776 aetas:

122 1806 260 1864 Cujus
279 1806 413 1864 spatio
431 1806 623 1864 quisquis
641 1816 839 1864 properat

121 1881 292 1938 Majora
311 1880 443 1938 sequi,
464 1896 540 1923 nec
558 1880 755 1938 praesenti

124 1955 178 1996 Se
198 1963 306 1996 sorte
326 1963 456 2005 tenet,
476 1953 571 1996 laevi
592 1962 752 1996 tractus

123 2028 177 2070 Vi
196 2028 369 2080 consilii,
389 2028 494 2070 furit
512 2027 597 2079 ille,
617 2027 734 2070 furit.

645 2101 711 2143 18.
729 2103 938 2144 Incertus.

181 2174 382 2232 Quisquis
400 2174 604 2233 superbit,
625 2174 830 2217 vindicem
850 2182 1041 2232 expectet
1059 2175 1090 2216 J
1091 2189 1223 2216 ovem.

626 2262 691 2306 19.
712 2249 967 2291 Menander.

183 2322 249 2363 Ut
266 2320 404 2374 video,
424 2321 675 2373 adolescens,
695 2320 830 2363 credis
848 2328 897 2362 tu
915 2319 1105 2377 pecuniae
1176 2314 1177 2317 ¹

79 2420 83 2424 ⁴
127 2393 270 2436 Pretio
289 2393 426 2451 parari
445 2409 530 2436 non
548 2393 676 2436 modo
693 2393 785 2436 haec
804 2407 987 2450 quorum
1006 2393 1167 2450 indiget

128 2466 326 2518 Quotidie
345 2481 460 2518 usus,
480 2481 647 2523 panem,
666 2468 846 2517 acetum,
865 2464 1052 2516 obsonia,

129 2539 296 2591 Oleum,
318 2538 391 2581 sed
410 2537 498 2581 istis
516 2538 653 2595 majus
671 2537 832 2595 aliquid
850 2536 1056 2579 omnibus.

129 2614 195 2655 At
213 2620 323 2654 certe
341 2626 496 2653 venum
515 2626 600 2653 non
619 2610 746 2652 datur
763 2609 1066 2660 immortalitas,

130 2685 220 2726 Nec
241 2684 274 2726 si
293 2682 448 2726 talenta
465 2682 633 2726 Tantali
650 2681 904 2740 possederis:

133 2756 216 2799 Sed
235 2756 526 2799 occubandum
544 2764 621 2808 est,
642 2755 713 2798 illa
731 2754 961 2812 linquenda
978 2754 1109 2797 alteri.

135 2829 242 2871 Haec
262 2831 495 2885 quorsum?
525 2842 675 2886 nempe
695 2843 748 2870 ne
765 2828 949 2870 fortunae
968 2839 1177 2884 prosperae

791 2913 863 2956 F3
