1780 3178
380 237 460 288 162
771 233 1027 281 IOANNIS
1059 230 1304 279 STOBAEI

769 411 1072 462 TITULUS
1106 381 1321 459 van.

537 531 658 569 REM
687 526 1137 598 PULCHERRIMAM
1163 525 1291 589 ESSE
1318 523 1565 597 NUPTIAS.

790 644 825 673 1.
843 629 1082 706 Euripides
1099 627 1319 685 OEdipode.

440 705 544 747 Viro
563 718 640 746 sua
661 718 769 745 uxor
788 711 831 744 et
850 682 1002 749 domus
1021 700 1141 758 regni
1161 707 1226 746 sat
1243 708 1341 742 est.

385 781 498 822 Nam
517 793 594 836 par
613 776 839 828 calamitas,
854 775 1003 832 judico
1023 774 1056 818 si
1077 773 1182 831 quid
1200 774 1326 824 bene,

382 851 552 895 Amissa
569 849 720 908 proles,
740 848 890 907 patria,
911 856 953 890 et
972 847 1294 905 patrimonium,

386 927 448 968 Et
466 931 579 967 casta'
598 924 798 981 conjunx.
849 923 962 964 Nam
983 921 1072 964 viro
1091 907 1310 978 protiosior

389 985 555 1056 Opibus
573 996 724 1055 opimis
744 1011 852 1040 uxor
871 1003 935 1040 cst
953 994 1170 1038 industria.

721 1115 723 1117 ,
893 1114 895 1117 ,
967 1080 1005 1111 2.
1028 1068 1158 1114 Idem.

445 1146 551 1196 Quae
570 1143 679 1201 sapit
697 1143 847 1186 mulier
865 1141 1015 1194 marito
1035 1156 1078 1184 se
1098 1140 1217 1184 dabit
1236 1140 1436 1183 famulam
1459 1156 1546 1183 suo.

842 1231 930 1273 ·.3
951 1215 1236 1274 Apollonides.

450 1293 549 1333 Non
569 1291 671 1339 solia
689 1290 823 1348 regni,
844 1289 1000 1333 credite
1020 1289 1154 1335 hoco
1166 1288 1363 1340 foeminae,

395 1366 494 1407 Non
513 1364 633 1422 copia
650 1363 758 1416 auri,
780 1377 864 1406 non
884 1376 1015 1420 opum
1035 1361 1294 1413 ostentatio,

393 1439 551 1481 Tantas
570 1436 814 1479 hominibus
829 1444 976 1493 totque
995 1433 1163 1477 delicias
1182 1420 1339 1486 ferunt,

396 1513 586 1563 Quantas
604 1509 771 1567 pudicae
788 1508 935 1552 uxoris
953 1517 997 1553 et
1015 1492 1134 1550 fortis
1153 1506 1234 1551 viri

396 1587 427 1627 J
430 1595 526 1628 usto
545 1594 673 1642 atque
692 1569 868 1630 honesto
887 1597 1122 1640 congruens
1136 1582 1355 1627 sententia.

784 1701 786 1704 .
807 1703 809 1705 ,
917 1668 959 1709 4-
981 1655 1214 1713 Theognw.
1538 1687 1539 1690 ,

396 1734 604 1792 Conjuge,
627 1735 784 1791 Cyme,
794 1733 928 1779 bona)
934 1730 995 1773 nss
1009 1729 1192 1775 dulcius.
1244 1730 1342 1772 Hoc
1362 1744 1442 1786 ego
1460 1744 1606 1772 verum

454 1806 658 1850 Conscius
677 1822 725 1849 ac
744 1805 861 1850 testis
881 1818 976 1851 sum
995 1803 1094 1856 tibi,-
1107 1811 1242 1861 tuque
1261 1802 1376 1846 mihi.

912 1889 953 1934 5.
975 1877 1251 1934 Sophocles.

454 1952 567 1993 Nam
586 1950 661 2007 qui
680 1958 860 2007 penates*
871 1949 958 1998 sine
978 1964 1058 2006 ope
1077 1956 1279 1994 matronae
1297 1948 1442 2007 probae

399 2025 689 2069 Effloruerunt
708 2024 828 2082 copia
846 2014 974 2081 atqtie
989 2021 1248 2065 honoribus?

895 2097 935 2137 6.
957 2095 1237 2153 Apollonides.

389 2209 392 2212 ,
457 2170 679 2214 Celebrare
697 2185 821 2212 sexus
840 2183 967 2213 omne.
983 2167 1168 2213 foeminei
1187 2166 1328 2218 decu&

395 2246 538 2288 Labor
556 2244 752 2288 disertam
771 2243 924 2301 quaerit
942 2238 1293 2298 hicsapientiam..

832 2328 872 2371 7,
893 2314 1131 2373 Euripides
1144 2315 1310 2358 Oreste.

455 2392 494 2434 O
515 2406 612 2448 quae
632 2389 770 2432 viriles
791 2389 962 2447 spiritus
980 2388 1122 2444 animo
1139 2387 1265 2444 geris,

401 2467 462 2509 Et
481 2480 633 2522 corpus
653 2464 762 2507 inter
780 2462 972 2506 foeminas
986 2461 1331 2521 pulcherrimum.

954 2578 957 2580 ,
979 2534 1017 2583 8.
1041 2534 1172 2578 Idem.

458 2610 570 2651 Nam
589 2608 675 2651 fida
694 2608 849 2665 conjux
867 2622 919 2649 ne
938 2607 1003 2649 vir
1023 2615 1182 2650 evertat
1202 2606 1331 2648 larem

403 2682 565 2724 Sociata
585 2680 794 2738 prohibet,
816 2678 1054 2738 sospitatrix
1075 2677 1253 2722 familiae.
