1780 3178
455 252 923 298 FLORILEGIUM.
955 252 1066 300 'rm
1077 266 1147 313 50.

145 355 268 408 Quae,
288 364 450 413 quanta
467 357 587 401 vobis
604 357 734 402 instat
751 358 982 404 invidentia

142 426 251 471 Vitae
269 427 468 486 inquietis
485 430 642 474 aemulo
658 431 703 475 in
721 433 961 477 certamine!

597 553 601 557 ,
682 520 747 550 11.
769 509 944 551 Ibidem.

197 577 362 620 Rerum
382 568 548 623 satietas
566 581 748 625 insolens

139 649 311 693 Mundo
330 660 559 709 tyrannum
578 655 767 712 protulit.

623 739 692 772 12.
713 728 833 771 Idem
852 729 997 786 Ajace.

195 795 376 840 Difficile
393 798 483 856 regi
502 799 655 848 instare
673 801 840 859 pietatis
856 801 981 845 viam.

582 886 646 931 13.
668 875 788 917 Idem
805 876 1040 934 Polyoeena.

193 942 331 986 Nemo
345 943 573 1003 imperator
593 962 637 990 se
655 956 795 1006 potest
813 950 1022 992 exercitus

135 1015 167 1057 J
168 1025 306 1059 actare
325 1018 487 1062 cunctis
506 1018 701 1078 largitate
719 1022 891 1079 gratiae:

135 1090 227 1132 Nec
246 1089 336 1148 ipse
355 1092 431 1149 qui
450 1108 516 1136 me
533 1093 658 1137 latius
677 1104 826 1153 regnat
846 1097 981 1148 Deus,

136 1162 222 1204 Seu
242 1162 367 1206 siccat
385 1179 522 1224 agros,
542 1165 675 1209 imbre
695 1182 768 1210 seu
787 1168 884 1210 fuso
901 1168 1027 1226 rigat,

135 1233 186 1276 In
198 1234 273 1292 jus
292 1245 465 1280 vocatus
479 1238 676 1290 omnibus
694 1255 863 1283 causam
879 1242 1041 1300 probet.

136 1309 332 1352 Mortalis
350 1326 465 1369 ergo,
486 1322 619 1356 matre
637 1314 804 1356 mortali
823 1323 953 1367 satus,

135 1383 319 1435 Quinam
339 1386 369 1428 J
371 1401 493 1429 ovem
512 1386 651 1445 ipsum
672 1388 879 1437 vincerem
899 1389 1148 1447 prudentia?

602 1566 905 1616 TITULUS
938 1566 998 1615 L.

653 1673 728 1711 DE
756 1658 953 1712 BELLO.

649 1780 685 1809 1.
710 1769 962 1826 Euripides

191 1837 339 1880 Mutat
358 1837 544 1881 favorem
564 1855 675 1898 saepe
693 1841 900 1885 bellorum
919 1842 1034 1886 alae:

131 1909 301 1953 Florem
314 1910 503 1968 juventae
524 1913 646 1955 Mars
665 1914 872 1971 superbus
890 1915 1096 1973 pignerat,

131 1983 320 2041 Oditque
340 1999 511 2042 segnes:
543 1985 701 2030 civitati
720 1988 906 2030 nascitur

132 2055 247 2098 Hinc
266 2055 406 2099 luctus
425 2055 586 2114 iugem,
607 2059 785 2101 mortuis
802 2059 950 2118 ingens
969 2052 1108 2104 decus.

529 2142 568 2174 2.
590 2130 754 2174 Aratus
773 2132 1071 2176 Phaenomenis.

188 2201 344 2243 Ferrea
363 2209 455 2243 tum
474 2217 574 2245 vero
592 2203 730 2260 proles
749 2214 896 2248 exorta
913 2215 1084 2263 repente
1103 2215 1180 2259 est,

129 2275 330 2332 Ansaque
347 2274 563 2324 funestum
581 2275 718 2333 prima
736 2286 800 2319 est
818 2277 1057 2322 fabricarier
1076 2295 1229 2332 ensem,

130 2345 191 2389 Et
209 2354 380 2404 gustare
399 2361 527 2390 manu
549 2347 721 2400 victum,
742 2349 1034 2409 domitumque
1046 2352 1289 2410 juvencum.

459 2432 500 2475 3.
523 2421 745 2471 Pindarus
765 2423 1131 2481 Hyporchematis.

531 2493 670 2536 Dulce
693 2495 1084 2554 Marsjnexpertis:

130 2564 349 2622 Expertus
368 2580 484 2608 arma
502 2566 627 2609 corde
646 2568 778 2610 cernit
796 2568 940 2612 invito.

569 2652 611 2694 4.
633 2641 849 2687 Homerus
871 2643 1021 2685 Iliade.

186 2707 391 2767 Indignus
409 2710 551 2769 legum
570 2713 728 2757 auxilio
746 2714 988 2772 laribusque
1006 2714 1218 2772 tribuque,

129 2781 214 2832 Qui
233 2782 342 2825 cives
360 2783 469 2826 inter
489 2785 632 2830 feralia
650 2787 821 2830 suscitat
840 2802 967 2830 arma.
1037 2845 1040 2848 Α

820 2874 836 2902 1
858 2872 883 2903 2

1399 264 1479 311 115
