1780 3178
375 243 458 298 164
767 241 1028 286 IOANNIS
1061 241 1303 285 STOBAEI

371 350 531 406 Egens,
551 348 595 390 in
615 346 743 390 vitam
762 355 805 391 et
823 347 893 390 ille
912 346 1102 390 servilem
1119 344 1281 397 incidit,

372 422 438 464 Ut
456 420 525 463 cui
537 420 628 478 jam
647 436 726 478 pro
746 435 833 463 uno
852 418 1112 462 sustentandi
1132 418 1214 460 sint
1233 417 1331 460 duo.

372 496 431 536 At
450 503 617 551 turpem
637 493 785 536 duxit:
818 493 906 535 vita
923 507 1008 535 non
1030 491 1165 535 vitalis
1183 499 1267 533 est:

370 565 521 608 Taedet
539 565 740 622 pigetque
758 564 803 606 in
821 563 1035 622 propriam
1053 553 1279 620 indugredi
1297 561 1483 604 domum.

372 636 600 680 Pulchram
619 635 847 679 exambivit
866 634 995 677 alius:
1027 634 1082 676 ah
1102 634 1287 685 demens,
1307 647 1426 675 suam

374 712 500 752 Hanc
520 709 554 752 si
573 709 706 767 magis
725 708 894 767 putavit
911 723 1040 766 quam
1059 707 1232 750 viciniae.

373 785 438 828 Ita
456 799 543 842 quo
561 792 603 826 te
622 793 759 826 vertas
777 797 959 840 cunque,
978 780 1097 823 haud
1115 780 1301 838 effugere
1320 787 1383 822 est
1401 778 1570 821 malum.

932 867 970 899 2.
992 855 1152 898 Aleoeis.

431 933 622 974 Uxorem
642 945 718 972 nec
737 908 891 972 ceritus
909 943 986 971 nec
1004 926 1272 984 limphaticus

376 1004 481 1057 Quis
500 1004 641 1055 ducat,
662 1011 780 1045 tanto
797 1001 949 1045 vixerit
968 1016 1066 1043 cum
1086 999 1278 1042 suavius?

375 1079 532 1120 Notam
553 1076 693 1119 subire
712 1083 872 1133 quanto
892 1074 1021 1117 satius
1040 1072 1217 1132 pauperi

376 1152 514 1202 Quam
531 1150 641 1192 ferre
661 1151 860 1192 uxorem?
892 1147 1050 1206 quippe
1070 1162 1177 1204 quos
1197 1143 1358 1189 Censor
1375 1154 1506 1196 notat,

377 1226 473 1267 Hos
492 1224 582 1266 aliis
600 1223 803 1281 imperare
822 1222 936 1280 leges
954 1237 1040 1264 non
1058 1221 1213 1263 sinunt.

376 1299 441 1340 At
459 1297 569 1339 enim
589 1296 764 1338 maritus
782 1295 914 1353 ipsius
931 1292 1153 1352 imperium
1174 1294 1239 1336 sui

376 1370 542 1428 Ejurat.
592 1371 741 1426 Atque
761 1368 813 1420 ei,
834 1367 921 1410 vita
940 1367 1045 1409 dum
1064 1366 1283 1409 incolumis
1302 1376 1463 1418 manet,

379 1442 563 1484 cottidie
584 1442 788 1500 supplicia
806 1451 1036 1485 nascuntur
1056 1457 1175 1484 nova.

900 1529 940 1573 3.
964 1517 1194 1559 Philemon.

434 1590 594 1633 Mulier
614 1590 866 1634 necessitatis
884 1601 1099 1648 perpetuae
1119 1599 1182 1633 est
1199 1589 1368 1632 malum.

883 1676 925 1718 4.
948 1663 1200 1705 Menander.
1348 1663 1351 1666 ’

436 1736 484 1777 Is
501 1735 673 1778 demum
691 1735 1021 1789 infortunatus,
1011 1751 1056 1778 in
1075 1743 1258 1794 egestate
1277 1734 1351 1840 qui

378 1810 569 1852 Uxorem
589 1809 720 1860 ducit,
741 1806 968 1866 educitque
986 1808 1161 1852 liberos:

378 1881 454 1924 Ah
473 1880 644 1923 demens
662 1881 738 1938 qui
757 1896 832 1924 nec
850 1880 1074 1939 praesidia'
1064 1896 1108 1923 111
1127 1894 1309 1938 proesens
1325 1880 1467 1933 habet,

376 1956 482 2007 Nec,
505 1954 538 1996 si
557 1955 676 2012 quid,
698 1964 748 1997 ut
766 1955 849 1997 fert
868 1954 970 2006 vita,
991 1970 1108 1997 secus
1126 1953 1323 2006 evenerit,

364 2028 524 2071 'Habet
542 2026 878 2085 integumentum
897 2043 986 2086 quo
1003 2028 1158 2071 famam
1177 2027 1358 2070 occultet
1378 2043 1507 2071 suam.

380 2099 464 2141 Sed
483 2099 630 2141 misere
649 2107 816 2142 aetatem
836 2099 953 2157 degit
972 2100 1146 2151 nudam,
1165 2100 1404 2152 obnoxiam,
1458 2100 1460 2102 ’

375 2172 697 2229 Importuosam,
718 2187 888 2230 compos
907 2172 1085 2215 tristitiae
1104 2180 1147 2215 et
1166 2172 1279 2225 mali,

379 2244 462 2287 Sed
482 2244 669 2287 omnium
689 2261 837 2303 expers
856 2245 1093 2289 delitiarum
1113 2255 1156 2289 et
1173 2246 1336 2304 gaudii.

379 2318 575 2375 Namque
594 2333 736 2362 omnes
753 2318 883 2362 doceo
902 2319 1100 2362 miserans
1119 2319 1244 2362 unius
1262 2319 1405 2363 vicem.

861 2404 902 2448 5.
925 2393 1231 2436 Naumachim.

437 2460 623 2504 Pulchra
640 2460 810 2518 quidem
831 2477 897 2507 res
912 2471 978 2507 est
997 2463 1153 2506 intacta
1170 2463 1215 2506 in
1233 2478 1405 2521 corpore
1423 2471 1538 2508 casto

379 2528 624 2591 Virginitas,
643 2533 770 2576 animi
790 2535 941 2578 sanctis
959 2535 1141 2595 exercit&
1158 2536 1293 2585 curis;

379 2609 487 2659 Quae
504 2621 581 2649 nec
599 2616 751 2649 onusta
769 2608 890 2651 malis
908 2609 1038 2652 trahit
1055 2609 1126 2652 ilia
1144 2610 1252 2652 fessa
1268 2610 1475 2664 laborum,

382 2681 503 2721 Saeva
519 2695 595 2721 nec
613 2679 784 2722 immitis
803 2680 979 2723 Lucinae
999 2681 1081 2724 tela
1101 2682 1309 2725 tremiscit.

382 2752 506 2793 Hanc
527 2760 680 2794 sectata
699 2751 823 2804 viam,
843 2752 973 2796 veluti
994 2754 1101 2804 Dea,
1121 2753 1299 2797 coetibus
1317 2763 1484 2797 exstans
