1780 3178
333 245 416 278 120
754 233 1011 279 IOANNIS
1041 235 1288 279 STOBAEI

328 339 421 383 Nisi
441 339 644 398 periclum
663 356 894 399 provoeans
912 342 1022 385 adsit
1039 343 1176 402 vigor.

328 415 441 458 Duri
459 415 623 459 labores
640 415 850 459 Martium
869 417 1040 475 pariunt
1055 418 1194 461 decus.

330 488 509 531 Graium
528 504 605 547 per
623 490 769 531 orbem
788 489 905 532 foeda
921 505 988 532 res
1005 490 1175 548 ignavia
1193 500 1271 544 eet,

328 560 404 603 Nil
423 561 681 620 expetiscens
699 570 854 619 praeter
872 576 1007 604 unum
1028 562 1179 605 vivere.

760 648 826 692 15.
847 636 1064 679 Homerus
1085 637 1120 678 I
1119 637 1243 679 liade.

387 706 556 749 Imbelli
575 716 618 750 et
636 707 792 766 pavido
810 708 926 750 frons
945 708 1138 757 vertitur,
1160 718 1201 751 et
1217 709 1330 751 color
1349 710 1510 753 omnis:

328 782 456 824 Mens
475 781 602 824 animi
621 790 748 839 negat
766 781 859 839 ipsa
876 781 987 824 intra
1005 782 1237 840 praecordia
1255 782 1409 834 claudi,

330 854 415 897 Sed
433 870 622 912 genuum
641 863 765 897 tenus
783 864 912 912 atque
929 855 1059 912 pedes
1081 855 1260 898 subsidit
1278 855 1322 897 in
1341 855 1470 898 imo's:

327 929 515 987 Palpitat
532 930 693 973 interea
712 930 792 972 sub
811 938 980 988 pectore
998 930 1216 973 tabificum
1234 946 1307 973 eor

328 1002 486 1044 Mortis‘
501 1003 589 1045 fata
607 1018 777 1060 pavens,
799 1018 875 1045 nec
892 1012 1054 1046 cessant
1073 1003 1246 1046 stridere
1266 1005 1423 1047 dentes.

327 1077 393 1118 At
412 1084 557 1118 contra
574 1076 674 1119 forti
693 1083 855 1118 constat
875 1076 1002 1130 color,
1021 1085 1064 1119 et
1081 1085 1221 1119 metus
1238 1077 1373 1120 omnis

327 1148 633 1192 Immoderatus
652 1149 782 1191 abest.

837 1238 842 1244 ¹
863 1234 928 1276 17.
950 1223 1140 1265 Evenue.

326 1294 504 1337 Audere
522 1295 740 1353 egregium
759 1304 823 1338 est
840 1305 969 1353 atque
988 1295 1107 1348 utile,
1129 1295 1163 1338 si
1182 1311 1328 1354 mpere
1346 1295 1478 1338 adsit:

385 1367 467 1425 Abj
474 1378 649 1411 unctum
669 1368 808 1412 clades
827 1378 869 1411 et
886 1369 998 1412 mala
1016 1370 1127 1412 ferre
1146 1370 1261 1412 solet.

817 1444 882 1484 18.
903 1442 1182 1500 Antiphanes.

385 1513 619 1556 Necessitas
637 1528 716 1556 nos
732 1514 906 1571 quando
924 1514 1130 1557 moriendi
1150 1523 1278 1567 tenet,

325 1586 518 1630 Nimium
537 1586 678 1645 gravis
691 1587 859 1644 jactura
878 1595 941 1631 est
960 1596 1138 1630 mortem
1157 1588 1345 1646 perdere.

847 1675 911 1717 19.
941 1663 1143 1705 Gallium.

325 1735 518 1785 Quonam
538 1733 607 1776 hic
626 1749 761 1791 usque
781 1741 901 1792 tepor
913 1735 1107 1793 juvenoe,
1127 1735 1300 1793 quando
1318 1736 1442 1794 ignea
1460 1736 1582 1780 'vobis

382 1808 456 1850 Vis
475 1807 628 1850 animi?
658 1822 743 1850 non
762 1823 837 1850 vos
855 1808 1313 1867 Amphiperictyonum

327 1881 439 1922 Tam
459 1895 606 1938 segnes
624 1895 800 1923 censura
817 1884 983 1923 movet?
1014 1897 1090 1924 vos
1108 1881 1194 1924 alta
1210 1882 1370 1940 putatis

384 1953 497 2005 Otia,
518 1969 616 1997 cum
635 1954 760 1997 tellus
780 1954 973 2012 undique
991 1957 1139 1999 Marte
1153 1956 1318 1999 fremat.

324 2028 354 2068 J
357 2042 424 2068 am
445 2027 688 2085 quicunque
707 2027 774 2070 vir
791 2037 854 2071 est
873 2038 1040 2071 scutum
1058 2028 1167 2072 ferat
1185 2028 1335 2071 obvius
1354 2029 1480 2082 hosti,

382 2101 444 2142 Et
456 2099 649 2157 jaculum
666 2100 806 2143 vibret.
822 2100 889 2143 vel
908 2101 1112 2144 moriente
1130 2117 1272 2144 manu.

327 2173 474 2216 Gloria
492 2188 674 2232 namque
692 2174 841 2232 ingens
859 2174 1014 2217 ad6riri
1031 2175 1224 2218 eominus
1239 2175 1418 2228 hostem,

382 2247 469 2289 Pro
487 2261 615 2305 grege
634 2255 831 2290 natorum
849 2249 1117 2308 conjugeque
1134 2253 1177 2292 et
1195 2249 1345 2308 patria.

325 2319 527 2363 Fortibus
546 2329 589 2364 et
607 2321 774 2379 pavidis
790 2322 983 2365 condicto
1000 2331 1189 2380 tempore
1206 2332 1385 2366 mortem

382 2394 517 2436 Pasca
535 2394 652 2437 feret.
705 2396 890 2438 Rectum
908 2395 1086 2453 quilibet
1105 2395 1264 2438 interea

325 2467 557 2510 Protendat
575 2467 780 2526 gladium,
800 2469 950 2528 clypeo
968 2481 1170 2528 generosa
1186 2470 1415 2513 recuudem

383 2543 575 2595 Pectora,
594 2542 700 2585 dum
718 2543 856 2601 primo
875 2544 1078 2602 anguine
1096 2559 1243 2603 pugna
1260 2543 1379 2587 calet.

325 2617 369 2657 A
390 2615 478 2657 fato
496 2614 601 2658 nulli
620 2615 766 2659 mortis
784 2615 835 2658 fit
852 2616 1004 2673 gratia,
1024 2632 1109 2659 non
1129 2617 1165 2659 si

384 2689 593 2731 Auctores
611 2688 775 2747 generis
794 2688 848 2732 ait
866 2704 1086 2732 numerate
1106 2689 1232 2732 Deos.

326 2761 445 2817 Saepe
465 2760 646 2818 aliquem
666 2761 853 2819 elapsum
873 2761 1248 2805 circumstridentia
1269 2761 1352 2803 tels
