1838 3276
432 241 488 282 60
827 238 1089 287 loANMs
1111 224 1403 289 *STOBAEif
1439 254 1441 256 v

999 367 1039 408 9.
1061 351 1190 394 Idem.

487 426 698 468 Potaram.
747 426 912 484 Nempe
930 425 987 469 ad
1004 425 1173 483 culpam
1191 425 1239 472 id·
1257 425 1455 478 obtentus
1475 434 1538 468 sat
1557 434 1631 467 est.

940 512 1003 541 10.
1029 499 1260 557 Theognis.

427 574 590 615 Paucos
610 587 704 614 rara
722 572 878 621 fames;
910 571 1079 624 multos,
1096 571 1266 614 haurire
1281 571 1466 614 volentes

484 646 716 703 Plusquam
734 645 852 703 quod
871 645 970 688 satis
988 654 1066 697 est,
1085 645 1271 703 perdidit
1290 645 1509 704 ingluvies.

967 735 969 738 ⁴
986 734 1005 763 1
1016 733 1051 762 1.
1073 719 1209 764 Idem.¹

429 793 602 837 Sobrius
620 809 646 835 a
660 793 785 851 potis,
805 809 832 836 a
851 793 967 837 siccis
986 794 1129 838 ebrius
1146 794 1270 848 absit,

483 868 552 909 Ne
570 882 700 925 prave
716 866 844 909 socies
860 867 1125 910 hxsociabilia.

982 953 1048 985 12.
1069 941 1205 984 Idem.

424 1012 554 1056 Utilis
572 1022 634 1056 est
654 1014 860 1067 Bacchus,
880 1023 1077 1073 recteque
1090 1015 1309 1059 utentibus
1326 1016 1486 1060 insons:

485 1088 700 1132 Infamant
717 1089 838 1132 illum
857 1089 933 1147 qui
953 1089 1042 1132 sine
1059 1090 1154 1148 lege
1171 1086 1336 1139 bibunt.

927 1177 993 1220 13.
1014 1165 1258 1222 AEschyhas.
1279 1192 1283 1197 -

483 1236 565 1279 AEs
584 1237 746 1294 praebet
764 1237 826 1280 ori
845 1238 1028 1296 specula,
1049 1238 1123 1282 sed
1140 1239 1270 1282 menti
1288 1236 1491 1285 mer‘umu
1507 1261 1520 1268 ·-
1597 1270 1600 1274 -
1707 1243 1731 1277 l
1748 1240 1761 1278 ξ’

930 1324 994 1366 14.
1021 1312 1252 1372 Theogwis.
1263 1321 1274 1330 ⁴·

370 1355 376 1360 ’
423 1382 507 1434 Qui
523 1382 645 1436 bibit,
665 1394 794 1442 atque
811 1385 987 1428 modum
1006 1386 1137 1429 nescit
1156 1397 1320 1430 servm
1338 1385 1557 1438 bibendi‚·3
1609 1411 1612 1414 -
1640 1403 1643 1407 >

481 1457 581 1499 Non
598 1456 769 1515 linguae,
790 1454 942 1500 mentis
959 1472 1044 1501 non
1063 1458 1191 1501 herus
1208 1458 1279 1501 ille
1298 1474 1412 1502 suae:

422 1530 507 1573 Ore
525 1539 707 1573 tremens
724 1527 852 1574 balbo
870 1531 986 1575 siccis
1004 1531 1180 1575 ridenda
1196 1533 1392 1590 profatur
1405 1549 1419 1575 2

480 1603 686 1661 Migravit
703 1604 828 1662 pulsa
846 1604 1068 1647 sobrietate
1085 1604 1236 1663 pudor.

422 1678 505 1730 Qui
526 1677 687 1736 sapiens
706 1678 845 1721 fuerat
864 1688 966 1721 tunc
984 1678 1149 1737 desipit.
1201 1679 1310 1721 Haec
1328 1694 1487 1721 memor
1505 1678 1590 1721 alta

477 1752 627 1793 Mente
646 1759 755 1802 tene,
774 1751 920 1793 vinum
940 1766 994 1794 ne
1012 1751 1100 1794 sine
1117 1751 1212 1809 lege
1229 1751 1363 1794 bibas.
1411 1766 1414 1767 ⁷

422 1823 596 1866 Sobrius
613 1839 639 1866 a
658 1839 801 1866 mensa
819 1833 861 1866 te
880 1823 1057 1882 surripe,
1076 1839 1130 1866 ne
1150 1823 1227 1869 tibi
1245 1833 1406 1876 venter,

476 1898 560 1941 Vili
580 1906 630 1941 ut
648 1898 869 1956 mancipio,
890 1898 1071 1956 turpiter
1089 1897 1312 1956 imperitet.

979 1985 994 2013 1
1002 1969 1044 2027 5'.
1064 1971 1198 2015 Idem.
1273 1991 1275 1993 ·

417 2045 514 2088 Vini
534 2045 646 2104 quod
669 2045 844 2087 nimium
864 2054 927 2087 est
944 2044 1117 2088 deducit
1134 2045 1323 2102 pondera
1339 2045 1483 2097 menti,

473 2120 716 2176 Exaequans
735 2117 933 2160 stolidum
952 2117 1255 2175 cum'sapiente
1272 2116 1375 2159 viro.
1401 2150 1403 2153 ,

976 2191 1043 2233 16.
1058 2191 1188 2232 Idem.

415 2265 607 2308 Flamma
623 2264 690 2307 vel
707 2274 929 2322 argentum
949 2263 1053 2306 solet
1071 2263 1289 2322 explorare
1308 2263 1375 2305 vel
1392 2278 1542 2306 aurum
1559 2279 1571 2306 :

473 2337 557 2380 Sed
576 2337 722 2379 vinum
741 2336 914 2379 humani
932 2335 1111 2394 pectoris
1128 2335 1328 2379 indicium
1345 2344 1423 2387 est,

413 2412 692 2467 Quantumvis
711 2412 855 2470 sapiat.
905 2411 1066 2455 Vitium
1085 2426 1184 2454 nam
1199 2411 1359 2469 detegit
1375 2426 1512 2463 omne,

473 2490 658 2546 Ipsaque
678 2486 866 2530 denudat
884 2486 1034 2530 callida
1045 2485 1227 2529 consilia.
1276 2488 1278 2490 ’

969 2572 1036 2615 17.
1056 2560 1189 2603 Idem.

412 2635 567 2678 Bacchi
585 2634 688 2676 flore
705 2649 833 2692 grave
851 2641 914 2676 est
932 2641 1061 2690 caput
1075 2649 1103 2675 ο
1121 2634 1418 2676 Οηοωωοτὶῐεε·
1441 2632 1541 2676 vino

471 2707 671 2758 Auferor,
688 2716 730 2749 et
749 2706 899 2749 mentis
917 2721 1001 2749 non
1019 2705 1123 2748 mihi
1141 2720 1313 2763 promus
1331 2721 1436 2763 ego:

409 2781 519 2824 Tota
538 2781 688 2824 domus
705 2780 861 2825 circum
881 2796 948 2824 me
966 2780 1168 2824 vertitur:
1201 2789 1245 2823 at
1260 2779 1380 2832 mihi,
1400 2779 1540 2832 credo,

1704 1385 1762 1416 ..Ψ

1639 1976 1743 2013 ..,(ι
