1780 3178
355 243 439 289 226
750 204 1005 282 10ANN1s
1037 235 1287 280 s'roBAE1

354 357 455 400 Non
473 355 530 408 vi,
551 364 734 414 paratur.
786 354 885 396 Non
904 353 1060 396 habent
1080 351 1253 395 solidam
1274 348 1349 392 diu

355 429 475 473 Male
493 439 616 487 parta
634 427 787 471 sedem.

858 513 876 540 1
888 512 923 540 1.
945 497 1199 540 Menander.

413 579 536 623 Clam
554 593 689 636 pauca
708 576 862 618 habere
883 573 1026 625 satius,
1047 572 1205 615 invidia
1222 571 1385 630 procul,

357 654 496 706 Quam
515 651 755 695 divitiarum
775 657 943 692 ostentu
962 663 1114 715 parere·
1126 646 1356 690 infamiam.

764 806 775 837 ¹
789 806 1092 855 TITULUS
1125 806 1282 854 XCV.

748 896 1131 963 PAUPERTATIS'
1153 924 1303 962 LAUs.

863 1020 899 1049 1.
922 1007 1199 1065 Antiphanes.

419 1082 472 1123 Se
491 1089 644 1139 praeter
663 1096 790 1123 unam
811 1090 961 1123 caetera
980 1080 1148 1124 edulcat
1165 1081 1309 1123 fames.

885 1154 952 1195 Ib.
969 1155 1176 1197 Incertus.

417 1229 652 1286 Paupertas
669 1226 796 1269 moris
815 1225 877 1269 e'st
896 1226 1183 1284 magisterium
1202 1226 1315 1269 boni.

761 1313 800 1345 2.
822 1302 1064 1343 Menander
1084 1301 1291 1343 Fidicine.

415 1375 584 1418 Adeon'
601 1384 644 1418 te
663 1375 887 1427 excruciat,
909 1374 1025 1432 quod
1044 1374 1251 1417 malorum
1271 1382 1333 1417 est
1351 1372 1540 1417 omnium

359 1451 655 1503 Levissimum,
676 1453 926 1509 paupertas?
958 1450 1210 1508 quantillum
1230 1458 1293 1492 est
1311 1449 1436 1502 enim,

359 1524 538 1568 Amicus
557 1540 668 1567 unus
687 1524 756 1567 cui
775 1524 983 1567 medendo
1005 1524 1181 1567 sufficit?

888 1612 932 1654 3.
952 1599 1171 1655 Diphilus.

417 1670 676 1730 Paupertino
694 1671 863 1714 homine
882 1671 986 1713 nihil
1005 1680 1067 1714 est
1085 1672 1363 1714 fortunatius:

359 1747 471 1789 Nam
492 1745 604 1788 solus
622 1745 666 1787 in
686 1745 869 1788 deterius
888 1761 972 1787 non
990 1746 1141 1788 metuit
1159 1745 1280 1788 vices.

749 1833 795 1874 4,
814 1820 1056 1862 Menander
1076 1821 1305 1863 Leucadia.

416 1896 607 1939 Deorum
626 1910 728 1938 cura
744 1910 953 1953 >pauperes
972 1894 1084 1936 credi
1104 1894 1252 1936 solent.

741 1979 783 2025 5.
801 1970 1042 2027 Euripides
1062 1969 1311 2011 Phoenissis.

417 2041 578 2085 Animo
597 2042 787 2084 modesto
806 2041 922 2099 quod
943 2051 1006 2084 sat
1026 2050 1102 2094 est,
1125 2058 1287 2100 semper
1307 2052 1370 2085 sat
1389 2052 1465 2086 est.

867 2116 905 2156 6.
929 2116 1186 2158 Menander.

416 2187 638 2230 Inhoneste
657 2195 720 2230 est
738 2202 900 2245 pauper
920 2203 1046 2245 quem
1066 2188 1326 2246 paupertatis
1345 2189 1491 2247 pudet.

771 2273 810 2318 7.
830 2263 1067 2320 Euripides
1085 2263 1280 2320 Polyido.
1296 2268 1303 2274 '

416 2339 479 2380 Es
497 2337 634 2380 dives:
666 2346 710 2379 at
730 2336 808 2379 scis
826 2345 980 2395 praeter
998 2337 1078 2379 hoc
1097 2352 1232 2379 unum
1251 2338 1368 2380 nihil.

358 2409 415 2453 Id
434 2409 578 2452 adesse
595 2410 746 2453 vitium
757 2410 924 2467 ,quippe
945 2409 1099 2452 divitiis
1119 2410 1248 2454 solet:

359 2483 502 2541 Magis
520 2483 632 2525 malo
649 2491 792 2526 coacta
809 2491 1035 2541 paupertas
1055 2483 1174 2541 sapit.

917 2557 955 2599 8.
976 2558 1139 2600 Ale-vis.

415 2630 596 2674 Divitias
609 2632 732 2675 crede
750 2633 957 2675 bonorum
977 2633 1369 2690 postremissimum:

730 2795 852 2831 walde
863 2797 1002 2830 oohoeret
1017 2807 1091 2830 cum
1107 2798 1174 2830 Tit„
1190 2798 1322 2830 xcm.
