1780 3178
470 274 923 318 FLORILEGIUM.
953 274 1056 319 Trr.
1077 289 1147 333 91.

142 390 225 434 Cui
244 405 328 434 non
347 389 542 448 voluptas
560 387 705 431 matris
722 396 798 431 aut
815 387 985 431 blandoe
1002 394 1143 446 potest

141 465 228 507 Par
245 479 332 507 esse
350 463 494 522 prolis,
514 478 599 506 non
619 477 734 506 sacer
751 462 910 506 meritis
926 477 1092 521 parens.

142 537 253 579 Tam
272 536 396 580 duloe
415 535 449 578 si
468 535 574 594 quid
593 535 766 579 Veneris
783 536 829 578 in
845 535 970 579 vultu
989 536 1131 589 micat,

140 609 300 653 Merito
316 609 390 653 illa
407 623 568 652 amores
586 608 770 652 oaelitum
784 616 913 666 atque
929 608 1149 652 hominum
1167 616 1320 651 movet.

530 693 572 739 5.
595 682 839 725 Menander
857 683 1087 726 Piscator-e.

197 756 385 800 Pecunia
400 756 589 800 homines
606 755 811 814 gratiosos
829 755 966 798 efficit.

553 829 594 872 6.
613 829 852 887 Eua-:spida
869 829 1057 872 Electra.

197 905 308 947 Haeo
326 912 477 947 cuncta
494 918 592 946 cum
610 902 782 946 rationis
799 901 856 945 ad
874 917 1065 946 normam
1081 909 1203 962 puto,

139 977 254 1020 Tum
273 985 434 1035 quanta
449 977 513 1020 vis
532 977 585 1020 sit
602 976 742 1035 cogito
759 975 975 1034 peeuniae:

140 1051 206 1094 Ut
223 1050 298 1094 des
315 1049 483 1094 amicis:
513 1065 667 1108 eorpus
685 1056 736 1092 ut
754 1048 912 1092 morbis
929 1063 1059 1106 grave

141 1125 295 1167 Sumtu
312 1123 483 1167 reficias.
533 1124 647 1166 Nam
665 1122 783 1181 quod
801 1122 855 1165 ad
874 1122 1031 1165 victum
1049 1122 1214 1176 attinet,

140 1196 215 1239 Nil
233 1211 355 1254 paene
372 1195 512 1239 refert.
562 1195 732 1253 Quippe
750 1194 888 1237 satiati
906 1194 1002 1237 cibo

138 1269 344 1329 Ditesque
362 1283 651 1328 pauperesque
669 1267 933 1311 tantumdem
950 1267 1106 1311 ferunt.

516 1358 518 1361 ’
618 1353 658 1397 7.
680 1342 799 1384 Ickm
824 1342 998 1384 Cressis.

196 1417 406 1475 Experior
424 1415 620 1474 equidem
638 1430 767 1474 quam
786 1415 840 1457 sit
857 1414 938 1457 hoc
957 1417 1103 1457 verum
1122 1413 1260 1467 nimis,

140 1490 297 1533 Omnes
315 1483 469 1534 aniicos
486 1505 574 1533 esse
591 1504 705 1532 nunc
722 1487 1013 1546 locupletibus.

536 1568 539 1571 '
612 1564 650 1606 8.
670 1564 790 1606 Idem
809 1563 998 1620 Pol-fide.

197 1636 240 1680 N
242 1653 298 1680 on
316 1645 483 1680 tantum
501 1651 632 1695 opum
649 1635 714 1678 vis
731 1635 788 1678 ad
805 1634 1043 1692 voluptates
1058 1634 1185 1688 valet,
1230 1626 1235 1627 ⁷

141 1707 383 1765 Dulcesque
401 1707 457 1750 ad
475 1706 621 1765 epulas
640 1706 871 1763 Liberique
888 1705 946 1747 ad
961 1705 1127 1762 pocula,

142 1780 466 1824 sed‘oelamimti
484 1779 645 1838 grande
663 1765 896 1821 subsidium
914 1778 1069 1820 ferum„

499 1867 541 1908 9.
560 1852 803 1895 Menander
820 1852 1114 1910 Supposititio.

53 1963 57 1967 .
484 1927 597 1968 Unae
615 1924 865 1968 obnubilant

141 2000 449 2058 Ignobilitatem
467 2007 510 2050 et
528 2013 664 2041 mores
681 1997 956 2050 illaudabiles,

142 2077 203 2117 Et
223 2075 256 2117 si
275 2074 379 2132 quid
398 2073 514 2116 aliud
532 2072 773 2115 hominibus
790 2072 894 2115 vitio
914 2072 1055 2123 datur,

140 2148 324 2191 Divitiae.
374 2147 443 2190 Ab
461 2146 528 2190 his
545 2146 662 2204 quod
679 2145 844 2189 nudum
863 2154 926 2189 est
944 2146 989 2189 in
1008 2146 1175 2205 culpffln
1196 2147 1320 2190 venit.

568 2277 573 2279 ἰ
646 2232 710 2262 10.
738 2220 772 2260 Ἰ
773 2219 968 2277 'keogms

136 2296 267 2338 Hunc
285 2308 428 2336 omnes
446 2293 584 2335 animo
602 2307 770 2334 sensum
788 2291 998 2349 deponere
1014 2292 1184 2345 debent,

200 2368 352 2411 Omnia
369 2366 607 2425 praevalidis
624 2366 770 2409 cedere
789 2365 956 2408 divitiis.

643 2452 662 2480 1
673 2452 708 2480 ι.
729 2439 979 2482 Οήωνεηιση.

202 2514 247 2556 Si
266 2522 531 2571 comparetur
548 2512 710 2555 eximiis
728 2512 958 2554 honoribus

143 2587 339 2629 Pecuniae
358 2587 435 2638 vis,
455 2586 597 2628 lumen
613 2585 767 2627 amittit
787 2600 926 2636 suum,

143 2660 227 2701 Per
247 2675 290 2701 se
308 2659 547 2716 magnifica:
580 2659 739 2716 quippe
757 2658 917 2716 pollens
935 2659 1085 2716 gratia,

144 2733 366 2790 Vitamque
383 2732 569 2776 mulcens
587 2741 738 2776 mutuo
756 2732 1012 2776 commercio.

1391 287 1473 334 21⁷
