1780 3178
357 229 374 257 1
386 229 405 258 1
413 228 437 260 2
776 217 974 261 ΙΟΑΝΝ
977 218 1029 262 IS
1064 218 1273 263 STOBAE
1280 220 1302 263 I

355 322 487 363 Hunc
507 322 581 378 qui
601 337 763 365 secures
783 332 922 382 raptat
942 325 1142 383 indignus
1162 343 1284 370 cave:

355 393 614 436 Gravissima
634 395 728 438 urbi
749 410 874 448 noxa,
886 396 1036 440 'felices
1056 397 1164 440 mali.

928 485 965 516 2.
989 473 1119 515 Idem.

410 540 559 583 Virum
580 550 794 599 potentem
815 559 900 587 non
919 545 1054 598 decet,
1075 562 1143 589 me
1156 547 1316 605 judice,

353 614 616 673 Minimeque
635 632 779 675 regem
799 617 952 662 vilibus
971 621 1234 664 contendere.

352 691 548 748 Namque
569 691 648 734 hoc
667 692 848 736 minores
866 693 1011 751 gloriae
1031 695 1195 739 ducunt
1215 697 1318 739 sibi..

819 780 862 823 3.
883 768 1003 810 Idem
1022 769 1223 828 Antiqua

409 848 424 869 ³
437 841 602 883 Amans
621 841 775 898 quietis
793 841 959 886 animus
978 851 1021 886 et
1041 844 1183 887 amicis
1202 845 1339 888 bonus
1362 899 1364 902 Ι

353 914 415 955 Et
433 914 603 956 civitati.
656 914 742 966 Qui
762 914 889 968 volet,
909 916 1065 959 famam
1086 917 1165 960 sibi

353 987 527 1037 Quaerat
547 987 733 1045 periclis:
767 1004 846 1046 ego
865 1004 942 1032 nec
961 990 1141 1035 audaces
1160 991 1282 1036 nimis

353 1060 530 1112 Nautas‚
553 1075 628 1103 nec
650 1061 766 1104 urbis
786 1062 985 1120 praesides
1003 1064 1274 1109 laudaverim.

802 1149 846 1189 4.
865 1137 986 1180 Idem
1001 1138 1236 1196 Antigona..
1295 1174 1297 1176 ,

410 1207 521 1264 Regi
540 1208 703 1264 placere
721 1209 913 1266 plurimis
933 1210 1203 1257 tutissimum.
1248 1255 1251 1257 .

925 1297 966 1340 5.
989 1284 1120 1326 Idem.

408 1355 496 1397 Dat
517 1370 660 1412 sapere
679 1356 768 1413 regi
789 1357 916 1399 turba
936 1357 1172 1415 sapientum
1193 1373 1343 1401 comes.

781 1430 820 1471 6.
842 1430 1067 1488 Sophocle-5³
1089 1431 1258 1489 OEdsipo.

409 1502 508 1543 Hoc
528 1502 562 1543 si
582 1503 754 1555 tenebis,
777 1504 895 1561 quod
914 1513 1044 1557 tenes,
1064 1520 1243 1563 regnum
1263 1506 1354 1559 diu,

351 1576 575 1619 Praestabit
595 1577 783 1621 homines
803 1594 932 1636 quam
954 1580 1090 1624 solum
1112 1595 1290 1628 vacuum
1310 1598 1440 1640 regas.

352 1650 465 1692 Nam
485 1649 590 1706 quid
609 1650 676 1693 vel
695 1666 771 1703 arx
791 1661 858 1694 est
873 1652 959 1704 alta
977 1653 1043 1695 vel
1063 1654 1176 1711 picta
1193 1655 1294 1698 ratis

349 1724 483 1766 Prora
501 1724 727 1783 refulgens,
749 1726 879 1770 vidua
898 1726 931 1770 si
950 1735 1014 1770 est
1032 1728 1149 1772 intus
1164 1729 1327 1774 virum?

863 1810 901 1855 7.
923 1801 1176 1845 Menander.

406 1869 575 1913 Eximia
594 1887 662 1914 res
679 1880 741 1915 est
760 1888 835 1923 rex
854 1883 1066 1936 antestans
1085 1877 1251 1930 robore,

350 1944 529 1986 Servans
542 1944 715 2002 judiciis
727 1945 840 2003 juris
859 1934 1186 2008 sanctimoniam.

795 2021 833 2073 8.
851 2021 1068 2074 Homerus
1085 2023 1237 2078 Iliade,

408 2089 523 2131 Tota
541 2100 662 2133 nocte
681 2106 805 2150 sopor
824 2107 909 2147 non
929 2104 991 2137 est
1009 2094 1116 2139 bene
1133 2096 1401 2151 aemilianus,

352 2162 442 2205 Sub
463 2178 549 2220 quo
570 2172 632 2206 tot
651 2164 822 2222 populi,
835 2166 903 2209 cui
924 2175 1040 2210 tanta
1059 2177 1102 2211 et
1121 2168 1220 2212 talia
1238 2185 1363 2214 curae.

786 2246 789 2248 >
914 2229 954 2298 9.
976 2242 1110 2285 laem.

405 2309 695 2354 Grandaevum
713 2311 817 2371 legit
834 2313 1025 2372 inprimis
1042 2315 1279 2375 fortemque
1298 2326 1502 2372 senatum,

345 2382 445 2439 Ipse
460 2398 609 2440 gerens
628 2385 788 2428 cunctis
805 2386 897 2429 miti
918 2402 960 2430 se
976 2396 1147 2447 pectore
1165 2399 1351 2447 patrem:

347 2455 421 2498 Nss
440 2471 619 2514 pravum
637 2457 787 2512 facere,
808 2459 870 2502 ad-
882 2460 1091 2519 populum
1110 2453 1314 2521 nilturpe
1333 2463 1489 2521 profari

346 2529 540 2583 Audens‚
561 2540 614 2579 ut,
629 2531 772 2576 decuit
791 2543 971 2595 sacratos
989 2536 1129 2581 vivere
1147 2553 1277 2600 reges.

723 2619 786 2649 10.
807 2608 1025 2665 Hesiodus·
1051 2605 1307 2669 Theogonia.

406 2674 600 2732 Namque
620 2676 719 2733 ideo¹
731 2668 1043 2743 *inventi-rege&
1065 2692 1114 2742 ut
1134 2684 1230 2741 sede
1249 2686 1385 2729 curuli

815 2777 826 2791 ·
840 2770 938 2810 Refer
952 2771 994 2816 aa
1007 2772 1074 2806 Tit.
1088 2774 1213 2819 va1.
1364 2752 1367 2754 ’
