1780 3178
362 242 418 295 76
761 238 1022 282 IOANNIS
1055 237 1292 282 STOBAEI

761 445 1066 495 TITULUS
1099 443 1298 493 XXIX.

571 564 645 602 DE
673 524 1027 602 ASSIDUIffiATE
1055 561 1127 599 ET
1142 523 1494 599 'DILIGENTIA

783 677 819 707 1.
841 664 1062 722 Sophocles
1097 663 1290 721 Thyeste.

424 738 590 782 Celeres
609 752 752 780 eamus
770 752 871 795 ergo
889 736 1132 794 properanti
1150 736 1311 794 gradu:

368 810 594 869 Culpanda
611 825 695 852 non
715 818 777 852 est
790 810 908 867 justa
926 809 1149 852 festinatio.

781 894 819 926 2.
841 883 1058 925 Hesiodus
1080 882 1299 939 Operibus.

424 958 537 999 Nam
555 956 675 1014 piger
692 954 864 998 alterius
883 969 1058 1012 magnos
1077 954 1111 997 si
1131 962 1290 1012 spectet
1308 968 1490 1004 acerVOS,

367 1031 452 1084 Qui
471 1038 580 1073 serat
598 1029 818 1073 arboribus
836 1038 1004 1080 terram,
1024 1027 1100 1086 qui
1119 1035 1258 1070 verset
1276 1035 1430 1078 aratro,

367 1105 452 1157 Qui
470 1113 589 1162 regat
607 1113 695 1147 arte
713 1103 902 1154 domum,
922 1102 1074 1160 flagrat
1093 1101 1174 1144 sub
1193 1100 1318 1144 corde
1337 1096 1494 1157 cupido

306 1186 312 1192 '
368 1178 568 1222 AEmula:
600 1186 809 1221 certamen
828 1176 1055 1234 pulchrum
1073 1175 1321 1218 mortalibus
1339 1174 1420 1217 hoc
1439 1181 1513 1216 est.

920 1261 962 1305 3.
979 1247 1154 1290 Ibidem.

428 1322 608 1365 Divitias
627 1322 798 1380 pariunt
818 1320 959 1363 studia
975 1319 1183 1362 indefessa
1200 1319 1406 1362 laborum·
1461 1367 1469 1380 ἱ

373 1396 462 1454 Ipsi
482 1396 702 1439 sudantem
721 1394 965 1438 clementius
984 1389 1192 1452 aspiciunt
1210 1394 1283 1436 Di.

371 1472 471 1513 Non
490 1470 609 1512 labor
627 1469 671 1511 in
690 1469 858 1528 probr0‚
880 1468 954 1511 sed
973 1467 1189 1525 diffugisse
1207 1466 1406 1509 laborem.

373 1543 562 1601 Impiger
579 1542 737 1585 invidia
755 1541 925 1599 pigrum
946 1539 1179 1583 stimulabis
1197 1539 1339 1597 opima

373 1619 494 1661 Sorte
512 1617 659 1660 nitens.
711 1614 978 1658 Comitantur
995 1629 1096 1671 opes
1114 1613 1332 1671 virtusque
1352 1608 1583 1670 decusque}

921 1701 962 1742 4.
985 1688 1159 1730 Ibidem.

430 1763 637 1808 hGrande
655 1762 813 1806 malum
832 1762 972 1821 pudor
991 1770 1054 1804 est
1072 1761 1141 1804 cui
1161 1777 1204 1804 se
1223 1761 1443 1819 conjunxit
1460 1769 1633 1818 egestas.

373 1840 485 1881 Nam
503 1837 644 1896 pudor
661 1827 847 1880 humano
865 1835 1009 1894 generi
1027 1835 1298 1893 prodestque,
1318 1842 1538 1892 nocetque.

376 1915 496 1971 Saepe
514 1911 655 1970 pudor
673 1910 843 1953 miseros
862 1910 963 1952 facit
978 1918 1020 1952 et
1038 1909 1195 1952 fiducia
1213 1908 1332 1952 dites.

906 1983 973 2025 Ib.
995 1983 1174 2026 Ibidem.

432 2061 539 2111 Quae
557 2073 642 2100 non
661 2065 782 2115 rapta
800 2056 927 2099 datur
945 2056 1161 2108 divinitus,
1182 2065 1246 2099 est
1263 2055 1410 2099 melior
1429 2071 1506 2098 res.

751 2144 792 2186 5.
814 2130 1050 2188 Euripides
1069 2130 1330 2172 Heraclidis.

433 2207 478 2247 It
498 2220 573 2262 per
592 2205 751 2247 medios
770 2203 904 2246 virtus
922 2217 1143 2261 nunquam
1246 2201 1248 2203 ’

490 2279 620 2322 Fessa
638 2278 811 2321 labores.
885 2286 890 2292 '

693 2354 734 2394 6.
756 2353 875 2394 Idem
894 2351 1127 2410 Iphigenia
1141 2352 1188 2393 in
1215 2352 1391 2394 Tauris.

891 2428 991 2470 Non
1010 2434 1138 2470 terret
1155 2426 1275 2469 labor
1324 2471 1326 2473 ,

377 2503 562 2544 Fortem.
612 2499 822 2542 Laborem
843 2500 917 2557 qui
936 2499 1051 2557 fugit
1068 2499 1176 2542 nulli
1195 2499 1293 2541 usui
1312 2489 1387 2542 est.

825 2583 864 2628 7.
887 2574 1004 2615 Idem
1022 2573 1256 2631 Licymnia.

436 2647 500 2689 Ut
519 2647 632 2689 fama
649 2646 855 2705 perhibet,
875 2646 1019 2704 gloriae
1038 2654 1157 2704 pater
1176 2654 1239 2688 est
1257 2645 1386 2688 labos.

834 2789 849 2812 ¹³
866 2790 964 2823 Refer
979 2789 1020 2822 ad
1035 2789 1104 2822 Tit.
1120 2789 1249 2821 XXXI.
