1780 3178
246 176 331 223 352

244 282 364 333 ἡδονὴν
384 285 497 338 φεῦγε
517 282 559 333 6,
572 294 639 324 10.

244 340 363 390 ἡδονῆς
383 341 463 397 γὰρ
483 342 500 380 ὁ
524 353 540 381 1
554 351 700 396 15,22.

243 397 307 447 ἡδύ
326 413 374 452 γε
394 399 514 469 πατὴρ
536 397 606 453 83,
621 410 662 453 9.

243 453 307 505 ἡδύ
326 471 372 509 γε
393 453 500 506 φίλου
525 467 622 510 113,
642 467 709 496 11.

243 510 306 562 ἡδύ
325 512 359 553 τ’
379 513 486 554 ἀποθ.
513 513 665 563 121,6.

242 568 323 618 ἡδὺς
341 571 462 624 πατὴρ
485 569 556 624 83,
575 582 642 611 10.

242 625 315 676 ἤϊεν
335 628 374 667 ἐκ
397 627 524 682 65,6.

242 684 381 733 ἥκιστα
401 683 539 725 πταῖσε
525 701 572 732 εις
591 696 714 739 9,44.

242 758 382 790 ηκιστα
402 740 548 798 φεύγειν
565 753 611 795 4,
628 753 697 797 25.

242 799 380 849 ἥκιστα
402 799 604 870 φθονεῖσθαι
623 800 697 855 3.,8
710 810 782 854 55.

242 855 409 911 ἤλεγχον
430 872 524 897 ουτω
545 857 698 912 62,15

242 915 344 967 ἡμεῖς
365 913 474 954 ὃόἶα
495 913 653 970 98,13.
778 958 780 961 ,

242 969 393 1027 ἡμέραν
398 973 526 1023 λαμβ.
553 984 625 1012 101
636 983 730 1027 ,.15

242 1028 426 1097 ἡμερήσιοι
447 1026 545 1070 ὕπνοι
568 1029 611 1080 6,
619 1039 645 1083 5
648 1038 693 1083 5

242 1085 434 1141 ἡμερότητι
455 1086 528 1138 48,
541 1098 615 1138 42.

241 1143 414 1199 ἡμέτερον
436 1141 511 1183 δ’
485 1161 528 1184 αν
546 1155 601 1199 43
607 1173 622 1194 ,
640 1155 738 1198 149.

241 1202 326 1253 ἡμῖν
346 1201 416 1241 δὲ
402 1218 422 1250 η
443 1213 514 1256 43,
534 1202 629 1243 126.

241 1260 342 1310 ἡμῶν
362 1274 398 1298 τι
419 1258 511 1307 δῆτα
533 1257 586 1299 88
590 1270 656 1314 ,.3

240 1313 281 1364 ἦν
299 1313 374 1371 ἄρα
394 1317 524 1372 τρανός
547 1328 565 1357 1
578 1327 647 1368 14,
661 1328 703 1371 9

241 1370 283 1422 ἢν
298 1374 375 1428 γὰρ
395 1377 554 1414 καλοῦσι
573 1382 649 1428 50,
661 1386 728 1426 14.

240 1427 281 1479 ἧν
301 1429 379 1485 γάρ
398 1447 454 1478 τις
475 1441 548 1486 73,
564 1442 633 1474 21.

240 1485 282 1537 ἢν
300 1489 352 1540 μὴ
372 1493 520 1529 πολλῶν
541 1499 614 1543 97,
630 1499 698 1540 24.

242 1544 365 1594 ἠπίους
385 1543 443 1585 οὖν
462 1545 536 1598 4,8
548 1558 620 1600 43.

242 1599 333 1652 ἦπου
352 1603 394 1643 τὸ
414 1600 556 1656 μέλλον
576 1615 649 1658 99,
668 1616 685 1644 1
698 1615 733 1643 1.

243 1658 314 1712 ἦρα
334 1661 424 1701 Πάν
443 1661 574 1715 Ἀχῶς
595 1661 668 1715 63,
686 1672 755 1715 29.

241 1717 493 1774 Ἡράκλειτος
518 1730 616 1769 104,
632 1729 701 1773 23.

240 1767 494 1847 Ηράκλειτος
515 1773 589 1822 νέος
612 1784 740 1828 21,7.

243 1830 336 1906 ἥρων
354 1848 396 1872 το
415 1849 459 1885 μ·
480 1832 552 1903 64
565 1845 610 1885 4

242 1887 367 1944 ἠρώτα
385 1892 462 1945 ’γὰρ
483 1889 593 1929 αὐτὸν
615 1902 686 1944 94,
702 1900 772 1933 21.

243 1945 283 1996 ἧς
305 1947 374 1987 οὐδ’
396 1948 430 1986 ἐν
452 1958 599 2002 20,15.

243 2003 458 2057 ἡσσημένων
477 2004 514 2045 δὲ
535 2004 577 2056 8,
592 2016 658 2059 17.

245 2116 431 2159 θάλασσα’
444 2130 489 2170 4,
507 2131 576 2162 20.

246 2177 385 2224 Θαλῆν
403 2177 452 2223 εἷς
470 2176 530 2217 τὸν
552 2176 631 2226 80,·
637 2185 680 2230 5.

246 2235 383 2281 Θαλῆς
401 2232 584 2288 ἐρωτηθεὶς
605 2244 650 2286 2,,
673 2245 741 2276 21.

245 2292 382 2339 Θαλῆς
402 2292 507 2345 ἐρωτ.
529 2291 587 2331 ὃιοὶ
609 2291 681 2341 68,
693 2302 766 2346 34.

246 2349 383 2396 Θαλῆς
404 2349 510 2401 {peu-r.
529 2364 566 2388 τι
591 2360 610 2387 1
623 2360 687 2398 10,
704 2361 774 2401 24.

245 2406 382 2454 Θαλῆς
401 2407 417 2444 ὁ
435 2405 621 2455 Μιλῆσιος
644 2417 712 2457 12,
730 2419 797 2458 14.

247 2463 384 2511 Θαλῆς
404 2464 447 2516 τῇ
466 2461 536 2513 68,
551 2473 620 2516 29.

246 2518 441 2559 θάλλουσα
456 2523 552 2575 λυπῇ
567 2531 611 2574 5,
625 2530 718 2618 227.

245 2575 398 2622 θάνατος
416 2577 494 2632 γὰρ
518 2577 671 2632 125,6.

246 2631 406 2673 omen*
381 2649 530 2707 αριστον
555 2646 648 2684 121,
657 2607 697 2675 8.

248 2688 385 2730 θανόντι
406 2689 511 2745 κείνῳ
537 2702 717 2741 122,11

247 2744 410 2794 θανόντος
428 2747 551 2801 ἀνδρὸς
578 2750 671 2798 126,
685 2759 728 2803 5.

247 2801 421 2851 θανόντων
442 2804 478 2844 δὲ
505 2806 599 2855 126,
617 2817 657 2847 2.

247 2858 358 2901 θανῶν
378 2858 454 2901 δ’
427 2876 472 2900 αν
497 2873 593 2912 121,
612 2874 678 2903 20.

249 2916 371 2974 θάρσει
393 2916 501 2974 γύναι
527 2919 623 2970 108,
638 2919 710 2974 56.

860 166 1098 210 INDEX

1013 283 1137 338 θάρσει
1157 280 1280 338 λέγων
1304 294 1371 334 12,
1382 283 1425 337 5.

1010 340 1151 396 θάρσει·
1183 339 1276 396 τάχ’
1303 352 1401 390 111,
1415 351 1458 394 7.

1013 397 1137 452 θάρσει
1158 396 1281 439 τέκνον
1306 397 1484 449 108,16.

1015 455 1138 509 θάρσει
1160 454 1205 496 τό
1222 471 1276 496 τοι
1302 466 1454 511 1313

1016 513 1160 583 θαρσεῖν
1178 514 1254 568 χρὴ
1280 525 1297 555 1
1309 524 1377 562 10,
1396 522 1463 567 15.

1016 569 1146 626 θάρσος
1166 570 1203 610 δὲ
1222 570 1308 641 πρὸς
1329 578 1426 624 7,1.

1015 627 1145 683 θάρσος
1165 628 1207 668 τὸ
1227 626 1313 683 πρὸς
1331 638 1406 683 53,
1424 635 1492 680 17.
1548 647 1551 650 ’

1015 686 1245 738 θαυμαστὴ
1230 702 1250 734 η
1275 696 1372 735 121,
1387 696 1455 739 29.

1015 745 1090 783 Θε.
1116 773 1126 783 .
1149 743 1282 794 βυβλι.
1306 773 1316 784 .
1340 742 1499 797 64,36.

955 815 960 820 ·
1015 798 1152 841 Θεανὼ
1173 811 1322 855 74,32.
1337 809 1409 855 53.
1425 808 1512 854 55.

1016 856 1095 900 θέλε
1114 860 1263 911 μᾶλλον
1282 857 1356 909 48,
1375 868 1445 899 20.

1014 917 1282 969 Θεμιστοκλῆς
1300 918 1374 955 τῶν
1395 914 1467 969 85,
1485 926 1502 954 1
1514 926 1552 954 1.

1014 974 1282 1026 Θεμιστοκλῆς
1298 970 1439 1028 χωρίον
1459 980 1530 1026 37,
1542 982 1614 1026 30.

1014 1030 1213 1080 Θεόγνιδος
1235 1028 1307 1080 88,
1320 1041 1388 1081 14.

1013 1089 1206 1142 Θεόδωρος
1231 1100 1248 1128 1
1260 1098 1328 1139 19,
1345 1086 1413 1128 16.

1013 1144 1209 1199 Θεόδωρος
1230 1147 1246 1184 ὁ
1270 1146 1365 1198 Κυρ.
1387 1155 1430 1194 2,
1448 1155 1522 1199 33.

1015 1201 1126 1243 θεοῖ”
1103 1219 1156 1243 οτι
1178 1200 1281 1242 ἔασιν
1301 1202 1372 1253 80,
1387 1201 1428 1242 8.

1015 1259 1218 1315 Θεόκριτος
1236 1260 1368 1309 ’.Αναξ
1387 1258 1543 1314 36,20.

1016 1316 1219 1372 Θεόκριτος
1233 1313 1663 1372 γραμματοδιδασκάλῳ
1671 1294 1718 1368 4,

1017 1386 1252 1487 &glan-off
1239 1432 1274 1471 ἐν
1298 1442 1396 1484 124,
1410 1442 1483 1486 34.

1017 1489 1219 1561 Θεόκριτος
1240 1487 1423 1546 ἐρωτηθεις
1443 1499 1486 1540 2,
1505 1499 1578 1543 34.

1017 1550 1077 1588 Θε
1062 1545 1219 1617 εόκριτος
1240 1547 1348 1602 ἔρωτ.
1370 1556 1519 1595 21,10.
1547 1553 1704 1601 33,15.

1015 1603 1219 1674 Θεόκριτος
1237 1603 1324 1658 πρὸς
1347 1602 1420 1654 82,
1437 1614 1506 1645 12.

1015 1659 1219 1718 Θεόκριτος
1238 1660 1322 1708 τοὺς
1346 1661 1413 1711 16,
1428 1672 1498 1716 23.

1016 1719 1089 1760 θεὸν
1107 1721 1232 1767 νοῆσαι
1256 1717 1326 1768 80,
1342 1730 1385 1773 9,

1015 1773 1128 1824 θεὸς
1106 1793 1146 1826 ην
1167 1792 1222 1824 τις
1245 1775 1399 1828 81,17.

1015 1834 1084 1882 θεὸς
1105 1831 1287 1888 μέγιστος
1309 1841 1380 1887 79,
1392 1844 1466 1888 33.

1015 1891 1087 1939 θεὸς
1106 1891 1173 1945 μὲν
1193 1888 1317 1931 αἰτίαν
1339 1901 1384 1941 2,
1403 1902 1446 1945 7.

1016 1949 1087 1997 θεὸς
1104 1948 1172 2002 μὲν
1190 1947 1315 1988 πάντα
1335 1948 1409 1998 60,
1421 1946 1464 1988 8.

1016 2006 1089 2054 θεὸς
1109 2006 1246 2059 οὐδαμῆ
1268 2017 1310 2060 9,
1323 2013 1397 2060 53.

1015 2062 1259 2118 Θεόφραστος
1281 2062 1352 2115 84,
1365 2074 1432 2115 14.

1016 2119 1291 2191 Θεάφραστος’
1278 2136 1384 2175 epm.
1404 2131 1479 2175 43,
1487 2128 1558 2173 72·

1017 2176 1292 2248 Θεόφραστος’
1280 2193 1386 2230 ερωτ.
1394 2178 1482 2275 864,
1492 2189 1561 2231 29.

1017 2238 1077 2276 Θε
1063 2233 1259 2306 1εόφραστος
1280 2232 1342 2286 ἔφη
1361 2234 1419 2289 38
1424 2247 1522 2290 ,30

1017 2293 1052 2333 θε
1037 2291 1186 2346 ερίιπευε
1204 2290 1246 2331 τὸ
1267 2304 1292 2346 9
1294 2299 1404 2346 5,

1017 2350 1051 2391 θε
1053 2355 1124 2390 τῶν
1143 2349 1177 2388 δὲ
1200 2349 1269 2402 76,
1288 2360 1354 2390 Ι2.

1017 2407 1076 2447 6÷¹
1036 2423 1121 2463 εεωρ
1106 2423 1134 2446 ι
1154 2407 1203 2446 τοὶ
1223 2405 1295 2458 48,
1307 2418 1379 2457 41.

1017 2462 1180 2519 θεώρει”
1153 2479 1274 2518 ωσπερ
1297 2474 1457 2513 21,11.

1017 2520 1199 2577 θηρεύουσι
1218 2522 1293 2568 τοῖς
1316 2532 1385 2572 14,
1400 2532 1470 2563 22.

1018 2577 1160 2628 θηρίον’
1147 2578 1227 2618 εστι
1248 2578 1350 2619 δουλ.
1371 2578 1415 2629 6,
1425 2591 1499 2633 43.

1018 2638 1148 2686 Θησεῦ
1170 2643 1326 2690 73’55·

1017 2691 1165 2742 Θησεὺς
1185 2693 1258 2745 64,
1270 2692 1344 2747 38.

1017 2749 1125 2800 θνητοὶ
1146 2751 1281 2805 φρονεῖν
1301 2758 1450 2799 22,22.

1017 2807 1175 2846 θνατοῖσι
1195 2808 1246 2857 μὴ
1263 2806 1340 2879 98,
1359 2814 1428 2859 27.

1016 2864 1135 2912 θνητὸς
1153 2865 1233 2919 γὰρ
1249 2880 1297 2904 ων
1320 2863 1416 2912 108,
1430 2875 1495 2915 15.

1017 2921 1128 2970 θνητοὶ
1150 2926 1315 2976 ’γεγῶτες
1338 2931 1408 2971 22,
1427 2920 1495 2962 16.
