1780 3178
351 265 433 310 190
752 251 1008 294 IOANNIS
1040 249 1280 293 STOBAEI

346 362 411 403 At
428 358 590 416 insequi
611 357 724 401 ultro
741 367 785 400 et
803 372 1023 400 excursare
1042 357 1085 399 in
1105 357 1340 415 publicum,

345 433 513 485 Rhode,
535 442 577 475 et
596 431 763 474 differre
780 430 943 489 pipulo,
963 430 1010 473 id
1027 446 1128 473 vero
1147 440 1210 474 est
1226 446 1394 474 canum.

721 517 786 549 12.
808 505 1045 562 Ewrv'pides
1065 505 1303 563 Meleagro.

403 581 514 622 Lare
534 577 734 621 contineri
752 577 935 619 foeminae
955 576 1138 619 officium
1157 577 1302 636 probae
1321 585 1406 620 est:

346 655 468 697 Foris
486 662 686 711 vagantes
705 651 862 695 nullius
881 651 1005 710 pretii
1024 659 1141 710 puta.

820 740 882 784 13.
904 727 1024 768 Idem
1043 727 1211 770 Danae.

402 801 534 845 Nulla
552 810 615 844 est
634 810 764 859 opum
784 799 861 852 vis,
883 799 1001 842 nulla
1019 799 1082 842 vis
1102 809 1165 842 est
1183 799 1401 850 moenium,

343 875 523 919 Difficile
543 890 640 932 quae
659 882 847 915 servetur
866 888 1002 930 aeque,
1023 888 1071 915 ac
1090 873 1274 915 foemina.

720 960 785 1001 14.
807 947 1001 990 Herodes
1021 949 1302 990 Mmiambis.

400 1025 468 1067 Ne
489 1022 522 1065 si
541 1021 646 1079 quid
666 1021 772 1063 alter
791 1020 945 1063 dixerit
963 1020 1103 1071 minus
1122 1031 1247 1072 recte,

339 1098 470 1148 Tuas,
491 1094 646 1153 puella,
667 1109 796 1136 sanna
814 1102 1008 1151 torqueat
1027 1109 1159 1136 nares.

339 1171 537 1213 Tolerare
556 1177 708 1211 cuncta
725 1182 879 1224 magna
896 1167 1081 1209 foeminae
1101 1166 1192 1208 laus
1212 1176 1285 1208 est.

817 1228 881 1298 15.
902 1241 1152 1299 Euripides.

399 1320 574 1376 Magnae
593 1317 758 1359 mulieri
777 1325 877 1358 sunt
895 1331 1010 1373 οΡεε,
1030 1315 1215 1373 conjunx
1234 1330 1388 1358 amans.

723 1430 725 1433 ,
754 1391 821 1432 16.
842 1390 1064 1448 Sophocles
1081 1389 1277 1431 Phaedra.

402 1465 612 1524 Ignoscite
631 1474 674 1507 et
692 1463 876 1506 tolerate.
925 1464 1038 1505 Nam
1058 1463 1176 1520 quod
1194 1462 1375 1504 foeminis

341 1543 422 1584 Est
440 1540 697 1591 indecorum,
718 1554 795 1596 par
814 1546 950 1581 tacere
969 1546 1032 1581 est
1050 1538 1253 1580 foeminas.
1315 1580 1323 1582 ἡ

767 1626 831 1668 17.
852 1612 1090 1668 Euripides
1109 1611 1254 1668 Alope.

398 1690 496 1740 Quo
515 1687 760 1744 nuptiarum
779 1694 897 1728 tanta
915 1683 1180 1736 consultatio,

341 1764 456 1804 Bene
475 1761 664 1803 educatae
681 1775 777 1802 cum
798 1759 932 1816 magis
950 1758 1112 1800 foedent
1131 1757 1292 1809 domos,

341 1838 583 1894 Leviusque
601 1845 745 1894 peccet
763 1835 850 1878 vita
870 1850 968 1892 quae
987 1834 1197 1892 neglectui
1215 1837 1302 1876 est?

793 1911 858 1952 18.
879 1909 999 1951 Idem
1018 1909 1217 1966 Antiqui.

329 1973 332 1977 ’
400 1988 492 2043 Ego
512 1999 656 2027 censor
674 1983 791 2026 haud
812 1998 919 2035 sum,
941 1982 1092 2025 mulier
1109 1981 1131 2024 :¹
1152 1991 1196 2024 at
1215 1991 1377 2024 rectum
1397 1981 1563 2024 interim
1581 1990 1644 2024 est

271 2096 279 2098 -
340 2061 482 2103 Vitare
501 2058 643 2110 nimia,
665 2073 741 2100 nec
761 2058 863 2099 dare
882 2056 1052 2099 invidiae
1071 2056 1222 2098 locum.

743 2144 809 2186 19.
831 2130 946 2172 Idem
962 2129 1269 2171 Andromacha.

339 2252 343 2255 ,
625 2205 667 2247 Ν
669 2219 724 2246 011
744 2203 897 2246 etenim
917 2202 1051 2254 decet,

338 2282 486 2323 Unum
506 2279 710 2336 imperare
729 2276 910 2319 foeminis
929 2276 1105 2334 geminis
1125 2275 1274 2318 virum.

338 2355 572 2396 Contentus
591 2367 677 2394 uno
695 2351 886 2408 conjugis
905 2351 1019 2393 vivat
1040 2359 1147 2402 toro,

336 2425 588 2481 Quicunque
607 2423 747 2480 cupiet
766 2423 844 2464 rite
863 2431 1051 2464 curatam
1071 2422 1256 2464 domum.

841 2511 911 2542 20.
932 2498 1163 2539 Philemon.

393 2574 524 2614 Bonae
545 2569 790 2623 mulieris,‘0
810 2571 1061 2624 Nicostrata,
1078 2579 1156 2623 est,-
1178 2570 1279 2612 dare

336 2647 435 2687 Non
454 2642 731 2703 imperiosam,
752 2644 825 2686 sed
844 2644 1092 2701 morigeram
1113 2654 1158 2686 se·
1177 2643 1278 2685 viro.

335 2717 437 2759 Viro
457 2718 645 2774 superior
664 2717 836 2761 foemina
854 2717 1103 2761 immensum
1123 2726 1186 2760 est
1205 2716 1373 2759 malum.
