1780 3178
436 245 906 289 FLORILEGIUM.
938 247 1039 290 Trr.
1061 248 1130 303 78.

545 373 564 402 1
575 373 610 403 2.
632 360 751 403 Idem
765 360 1046 403 Andromeda.

184 432 262 475 Me
280 447 365 474 non
384 432 500 490 piget
518 447 668 490 parare
684 432 927 490 progeniem
944 433 1117 476 notham

127 507 234 559 Quae
253 514 372 564 parte
390 505 508 548 nulla
527 505 667 548 sobole
686 504 872 563 legitima
886 505 1046 549 minor:

128 583 212 627 Sed
231 582 323 642 lege
341 583 572 642 premitur:
605 582 722 642 quod
741 583 974 626 cavendum
995 583 1197 628 existimo.

475 741 779 791 TITULUS
813 740 1108 789 LXXVIII.

638 861 712 900 DE
740 860 950 899 PUERIS.

625 960 661 989 1.
685 946 978 989 Callimachus.

186 1020 404 1063 Innumeri
424 1019 576 1062 teneris
594 1019 745 1077 pariles
764 1018 960 1061 aetatibus
979 1018 1092 1075 agni,

244 1093 531 1151 Graminaque
550 1102 593 1135 et
611 1092 743 1136 caulae
763 1101 862 1135 sunt
882 1092 972 1144 tibi,
994 1106 1087 1134 care
1107 1084 1227 1149 puer.

512 1179 550 1210 2.
578 1167 828 1208 Theocritus
848 1166 1078 1208 Bucolicis.

185 1242 318 1284 Parce
335 1240 439 1283 meis
456 1240 589 1298 agnis,
609 1239 724 1298 lupe,
743 1255 867 1298 parce
887 1249 930 1282 et
949 1238 1146 1281 mollibus
1165 1237 1301 1281 hoedis
1314 1254 1323 1262 ·

131 1317 271 1370 Parvo
289 1315 454 1358 custodi
471 1314 577 1357 nihil
596 1314 709 1372 eripe
729 1314 783 1356 de
802 1328 930 1372 grege
949 1327 1115 1370 magno.

340 1430 343 1433 .
551 1401 593 1444 3.
615 1387 854 1445 Euripides
873 1386 1039 1428 Medea.

189 1464 311 1520 Saepe
330 1461 527 1504 educasse
545 1475 674 1518 quam
694 1458 857 1501 dedisse
876 1457 1098 1501 exordium

74 1591 79 1596 ¹
131 1535 236 1579 Plus
257 1534 400 1587 vincit,
419 1534 718 1590 illecebrasque
737 1532 916 1590 majores
933 1531 1073 1574 habet.

514 1605 518 1608 ’
627 1619 673 1660 4.
693 1606 814 1647 Idem
833 1605 970 1663 Auge.

189 1683 326 1734 Quem
344 1695 430 1723 non
449 1687 635 1722 tuentem
654 1678 773 1721 lusus
791 1677 1001 1720 infantum
1012 1677 1161 1734 juvat?

636 1762 678 1808 5.
699 1751 964 1809 Euphmwn.

187 1829 348 1881 yNaoe,
369 1835 498 1885 caput
516 1825 678 1869 miserae
697 1825 809 1867 ferro
828 1838 881 1867 ne
899 1823 1020 1867 deme
1039 1821 1219 1882 parenti,

133 1904 232 1946 Hoc
251 1911 372 1944 utero
392 1900 497 1943 soles
516 1915 614 1957 quae
633 1907 675 1941 te
691 1907 855 1956 gestare
873 1906 1080 1939 trecentos

134 1976 339 2028 Sustinui,
360 1974 581 2031 tristesque
599 1983 738 2015 metus
757 1985 972 2027 saevosque
991 1968 1155 2011 dolores

135 2051 204 2093 Te
222 2057 415 2092 nascente
433 2047 535 2090 tuli:
567 2061 665 2104 quae
685 2058 855 2087 suavem
874 2043 1010 2100 prima
1027 2040 1229 2099 papillam

135 2123 397 2180 Immulgens
414 2130 556 2164 tenero
574 2119 672 2178 pavi
693 2127 734 2161 te
753 2116 926 2160 flumine
944 2115 1074 2158 lactis.
1144 2114 1154 2119 ’

527 2195 566 2236 6.
583 2193 776 2234 Herodes
797 2189 1076 2232 Mvmiambis.

193 2270 322 2311 Nunc
339 2266 449 2309 ludit
467 2265 607 2317 ollam,
627 2279 742 2306 nunc
760 2263 962 2305 aheneam
982 2273 1168 2301 muscam
1185 2275 1194 2300 :

138 2344 264 2385 Nunc
282 2340 548 2384 melolonthae
566 2337 703 2380 vincla
721 2335 902 2394 pedibus
921 2342 972 2377 ut
990 2340 1143 2384 nectat,

139 2413 455 2458 Circumvoluta
473 2418 681 2470 pauperat
700 2409 839 2452 colum
860 2416 1026 2464 stuppa.
1051 2408 1053 2410 ’

561 2494 599 2539 7.
622 2484 848 2539 Pompeius
868 2482 1060 2537 Longus.

197 2563 356 2603 Amata
374 2569 581 2618 quantum
601 2559 665 2600 fas
684 2556 813 2599 amari
833 2555 1024 2617 pignora,

142 2635 373 2690 Nunquam
393 2632 541 2684 dolori,
561 2630 718 2689 gaudio
738 2643 899 2686 semper
919 2627 1036 2678 mihi,

590 2778 604 2798 Υ
622 2771 720 2803 Refer
735 2770 775 2802 ad
790 2769 860 2801 Tit.
876 2768 1034 2799 LXXIX.

894 2840 919 2866 ⁰
942 2837 965 2880 3

1380 257 1459 304 ι97
