1780 3178
342 241 398 285 92
748 231 1004 275 IOANNIS
1037 231 1275 274 STOBAEI

890 356 928 401 7.
950 347 1131 405 Agatho.

401 419 521 460 Bona
539 418 767 475 possidenti
786 419 861 476 qui
880 419 1054 471 invidet,
1076 427 1219 477 pereat
1239 420 1358 462 male.

805 494 843 543 8,
864 495 1102 552 Eur‘tspides
1123 497 1219 538 Ino.

402 569 509 618 Quae
529 576 675 619 mater,
697 576 772 610 aut
791 567 887 625 quis
904 568 1070 625 genitor
1087 568 1233 612 infelix
1252 570 1409 612 malum

343 640 650 697 Inauspicatam
672 639 776 682 sevit
796 639 1096 683 invidentiam?

345 713 449 764 Ubi,
470 728 576 770 quas
594 713 749 771 adepta
767 715 952 773 corporis
971 724 1112 773 partes
1130 716 1270 759 sedet?

343 788 532 830 Tenetne
551 787 689 829 media
707 788 878 840 viscera,
899 804 954 831 an
972 789 1159 846 geminas
1178 805 1342 842 manus,

345 862 420 903 An
439 860 647 903 luminum
667 861 820 903 orbes?
851 871 1011 919 quanta
1028 863 1121 905 laus
1140 863 1309 906 medicis
1328 864 1437 907 foret

346 935 479 977 Ferro
498 934 565 976 vel
584 935 716 978 herba
735 935 802 978 vel
823 936 978 978 salubri
993 936 1148 993 poculo

345 1009 524 1050 Auferre
543 1009 685 1066 generi
706 1009 928 1067 pessimam
948 1010 1135 1053 humano
1153 1010 1284 1053 luem!

827 1098 866 1139 9.
893 1083 1005 1125 Idem
1028 1083 1200 1142 OEdipo.

404 1154 609 1198 Pestifera
628 1156 771 1199 multis
790 1156 1001 1219 mentibus
1019 1157 1259 1200 mortalium

347 1228 525 1280 Invidia,
541 1229 697 1286 pariter
716 1245 868 1287 meque
884 1239 927 1273 et
945 1230 1060 1273 illam
1079 1231 1276 1288 perdidit.

682 1317 744 1345 10.
766 1305 1048 1347 Nicomachus
1068 1305 1352 1348 Naumachia.

405 1376 544 1419 Vitam
563 1377 671 1419 hanc
690 1378 830 1435 agenti
850 1378 1141 1422 difficillimum
1159 1381 1269 1423 foret
1321 1376 1325 1377 ⁷

349 1449 504 1507 Vigiles
524 1459 586 1493 tot
606 1451 749 1494 oculos
768 1452 1030 1495 invidentum
1052 1454 1239 1497 evadere.

847 1539 865 1568 1
877 1540 909 1568 1.
931 1528 1193 1579 Menander,

407 1600 551 1640 Homo
569 1598 737 1647 invidus
756 1608 987 1656 perpetuus
1006 1609 1070 1643 est
1086 1601 1218 1643 hostis
1236 1601 1328 1654 sibi,

348 1670 506 1713 Dolore
526 1686 676 1728 nempe
695 1681 842 1729 sponte
862 1672 1040 1729 quaesito
1058 1673 1194 1716 miser.

881 1757 945 1789 12.
970 1746 1152 1803 Agatho.

405 1818 609 1861 Immunis
629 1818 847 1861 hominum
867 1819 954 1862 vita
972 1820 1026 1862 ab
1046 1819 1205 1863 invidia
1222 1821 1345 1873 foret,

349 1891 393 1934 Si
413 1901 680 1935 nascerentur
699 1903 808 1936 sorte
827 1894 1022 1937 mortales
1040 1894 1144 1952 pari.

685 1980 748 2024 13.
769 1968 1007 2026 Euripides
1027 1969 1353 2027 Bellerfflhonte.

407 2039 537 2090 Quod
556 2055 598 2082 se
618 2040 796 2084 minores
809 2042 1006 2099 judicant
1025 2043 1121 2086 ideo
1140 2043 1351 2086 invident:

350 2109 580 2154 Illustriora
598 2111 704 2155 livor
720 2113 897 2156 infestus
915 2114 1033 2172 petit

803 2199 870 2239 14.
890 2186 1006 2228 Idem
1026 2187 1237 2231 Phoenice.

811 2259 1022 2302 Invidiam
1040 2261 1159 2303 haud
1176 2262 1332 2320 probo:

353 2327 435 2370 Sed
454 2327 630 2371 invideri
649 2345 714 2372 res
732 2331 863 2374 bonas
881 2342 1054 2390 propter
1074 2334 1210 2376 velim.

831 2417 896 2460 15·
917 2405 1206 2464 Hippothoum

409 2471 577 2514 Invidia
596 2473 754 2517 Divom
774 2476 953 2532 pessima
971 2493 1019 2520 ac
1037 2479 1282 2536 gravissima
1300 2491 1385 2524 est:

353 2545 525 2588 Gaudet
543 2545 746 2599 dolendis,
767 2557 894 2606 atque
913 2550 1149 2607 gaudendis
1167 2552 1292 2596 dolet.
1381 2538 1384 2542 .

872 2623 936 2662 16
959 2622 1162 2666 Incertus.

409 2691 545 2731 Nemo
565 2689 671 2733 male
690 2690 748 2732 illi
769 2691 936 2744 dixerit,
958 2709 1010 2736 ne
1031 2694 1062 2736 si
1083 2695 1254 2751 quidem

353 2763 618 2819 Malignitate
637 2764 775 2808 vincat
795 2765 1079 2810 invidentiam.
