1780 3178
339 294 421 341 292
735 281 991 325 IOANNIS
1022 280 1267 324 STOBAEI
1342 288 1345 291 ’

341 398 426 441 Sed
446 405 535 440 tota
553 404 679 448 recta,
699 403 789 439 tota
807 394 976 438 declivis
995 394 1063 437 via
1083 403 1160 447 est,

339 471 399 514 Et
416 469 593 514 inveniri
611 483 745 527 prona
762 466 831 510 vel
850 470 960 510 caec'o
976 466 1126 524 gradu.
1264 510 1267 511 γ

724 554 789 584 10.
810 541 1049 599 Euripides
1069 540 1303 583 Philoctete.

400 616 509 658 Satis
529 626 613 658 est:
640 615 732 672 jam
750 606 893 657 desine
911 612 1013 667 vita,

340 690 453 732 Ante
472 704 584 731 meas
602 703 711 731 nova
730 691 860 746 qua'm

343 764 440 805 Sors
459 762 687 820 populetur
707 777 829 820 opes,·

340 835 430 877 Aut
450 834 597 877 morbo
617 835 805 878 membra
822 834 1028 877 fatiscant.

873 921 893 949 1
903 921 938 950 1.
955 907 1145 950 Sotades.

398 981 520 1023 Mors
538 989 650 1023 certa
668 980 788 1038 quies
806 979 1015 1032 omnibus,
1037 979 1276 1037 unicu'sque·
1289 980 1448 1037 portus.

499 1058 502 1060 ’
848 1066 913 1097 12.
935 1053 1178 1111 AEechgqlux.

399 1126 481 1177 Ne,
502 1141 555 1168 ne
573 1134 711 1179 tuum,
734 1129 823 1178 oro‚'
845 1128 982 1179 Mors,
1003 1127 1180 1185 repellas
1200 1125 1452 1184 supplicem:

342 1199 416 1239 Tu
437 1198 523 1240 sola
542 1198 763 1256 desperata
779 1199 997 1242 medicaris
1016 1189 1148 1242 maila:

340 1272 385 1312 A
407 1279 447 1313 te
467 1280 655 1329 receptos
674 1266 816 1315 nullus
835 1273 1006 1330 attingit
1025 1272 1156 1315 dolor.

858 1361 924 1404 13.
943 1349 1170 1406 Hypsaeus.

396 1419 544 1461 AEtate
563 1420 747 1462 moritur¹
752 1420 911 1478 juvene
931 1435 1061 1478 quem
1078 1420 1124 1462 di
1143 1419 1336 1478 diligunt.
1414 1439 1419 1456 s

709 1507 777 1548 14.
798 1494 1020 1551 Sophocles
1045 1493 1309 1535 Trachiniis.

398 1569 496 1609 Hoc
515 1582 582 1609 me
601 1567 708 1609 mori
727 1567 893 1619 debere,
915 1583 1000 1609 non
1021 1567 1138 1610 aliud
1157 1575 1288 1609 notat.

340 1641 451 1682 Nam
472 1650 605 1682 morte
624 1640 791 1683 functos
811 1640 955 1683 nullus
974 1640 1211 1698 assequitur
1229 1640 1357 1682 labos.

723 1726 787 1770 15.
807 1714 1066 1771 Aaetydamas
1084 1714 1290 1770 Naasplio.

359 1800 361 1802 ’
398 1785 541 1828 Salve:
574 1786 719 1829 salutis
738 1786 775 1828 si
791 1786 896 1844 quid
916 1795 979 1829 est
999 1785 1116 1843 apud
1133 1785 1300 1827 inferos.

341 1860 457 1901 Reor
476 1875 575 1902 esse.
628 1861 740 1903 Nam
759 1875 847 1917 quo
865 1859 1008 1904 nullus
1027 1858 1187 1902 accedit
1205 1858 1339 1909 d'olor,

341 1932 410 1975 Ibi
430 1941 493 1975 sat
512 1933 657 1976 salutis
673 1942 735 1976 est
753 1932 959 1975 malorum
977 1931 1143 1975 oblivio.

754 2006 822 2048 16.
841 2007 922 2047 Ion
941 2005 1268 2063 Agamemnone.

318 2108 319 2111 η
397 2077 526 2121 Absit
545 2077 664 2120 malis
683 2093 795 2121 mors
813 2087 863 2121 ut
882 2093 959 2121 sua
976 2078 1149 2136 aspiciat
1166 2077 1286 2120 mala.

841 2161 910 2206 17.
927 2151 1178 2208 Euripides.

398 2222 574 2265 Homini
592 2223 763 2280 expedit
780 2238 865 2266 non
884 2238 972 2266 esse
990 2239 1118 2282 quam
1138 2223 1250 2266 nasci
1269 2224 1412 2281 magis.

801 2296 866 2338 18.
884 2297 1002 2338 Mem
1021 2296 1214 2354 Phryoeo.
1406 2281 1409 2286 ’

398 2369 503 2420 Quis
523 2369 600 2411 scit
618 2368 776 2412 morine
795 2369 936 2412 vivere
954 2378 1084 2426 atque
1102 2369 1182 2411 hoc
1201 2368 1340 2411 vivere

340 2441 467 2493 Quod
487 2457 563 2484 nos
581 2456 779 2485 vocamus
797 2442 850 2484 sit
869 2441 1000 2484 mori?
1029 2441 1109 2484 hoc
1127 2450 1240 2484 certe
1257 2441 1413 2499 liquet:

340 2515 507 2558 Morbis
525 2515 687 2558 laborat
705 2514 815 2559 vita:
846 2516 922 2574 qui
942 2530 1153 2558 summum
1174 2515 1286 2558 diem

340 2590 472 2642 Obiit,
492 2590 665 2634 miseriis
683 2592 839 2649 pariter
857 2600 901 2634 et
918 2592 1066 2634 morbo
1084 2601 1215 2634 vacat.

614 2677 684 2708 21.
703 2665 858 2708 Julius>
875 2666 1077 2708 Carmine
1095 2666 1144 2706 in
1163 2664 1391 2706 Bacchum.

398 2735 639 2779 Indecorem
655 2736 783 2779 vitam
803 2735 985 2780 laudatae
1002 2736 1138 2794 gloria
1154 2735 1300 2778 mortis

341 2807 494 2861 Vincit,
515 2818 556 2852 et
576 2810 790 2867 egregium
811 2810 883 2853 tali
903 2819 965 2853 est
984 2810 1229 2852 occumbere
1249 2809 1376 2851 letho.
