1780 3178
446 266 915 311 FLommeM.
944 268 1047 311 'rm
1067 281 1138 325 51.

137 373 340 416 Cominus
357 374 605 432 aggrediens
623 383 862 432 protentam
878 376 1057 434 quilibet
1074 378 1252 432 hastam,

195 447 272 490 Vel
289 447 479 506 gladium
499 449 639 492 hostili
659 449 866 508 deprimat
884 450 928 493 in
946 450 1098 494 latere:

136 519 312 564 Haereat
330 531 373 564 et
392 530 558 565 scutum
579 532 712 575 scuto,
733 523 975 583 stabilisque
993 525 1091 583 pedi
1111 542 1199 584 pes,

192 593 306 636 Tum
325 610 456 638 conus
474 612 595 650 cono,
615 605 708 640 tum
726 597 858 655 galeoe
876 599 1020 656 galea:

136 667 313 710 Pectora
330 669 570 726 pectoribus
587 679 756 714 coeant:
789 671 847 714 sic
865 671 997 729 ipsius
1015 673 1146 716 hostis

194 741 271 783 Vel
290 741 421 784 telum
439 744 634 787 manibus
650 744 857 802 prendite,
878 745 945 788 vel
963 746 1174 804 capulum.

136 815 211 857 Tu
230 831 329 858 vero
347 816 505 859 interea
525 816 633 860 veles
650 827 746 876 post
765 827 883 861 scuta
899 819 1115 872 latescens,

192 889 282 931 Nec
300 888 491 947 lapidum
509 890 649 934 densis
664 891 870 935 imbribus
888 893 1081 946 obruere,

135 961 226 1004 Nec
243 977 358 1005 cessa
368 963 520 1021 jaculis
538 964 773 1008 obstantem
788 956 920 1024 figere
937 968 1132 1010 turbam:

191 1035 256 1078 Te
275 1043 388 1094 teget
406 1047 567 1080 armato
585 1038 717 1081 milite
735 1039 866 1082 densa
881 1040 1044 1084 cohors.

567 1175 599 1197 w
612 1167 915 1216 TITULUS
946 1168 1034 1217 LI.

583 1264 844 1306 AUDA01AE
871 1268 1023 1307 mus,

665 1361 701 1392 1.
729 1351 938 1408 Tyrtaeum

133 1425 232 1466 Non
252 1423 340 1466 ullo
359 1424 402 1466 in
419 1424 569 1482 pretio,
590 1439 675 1467 non
694 1422 782 1467 ulla
799 1424 927 1467 laude
944 1425 1169 1479 notandus,

192 1497 289 1540 Sive
307 1497 427 1556 pedis
445 1497 601 1550 celeris,
622 1497 708 1541 sive
725 1512 878 1541 manus
893 1498 1064 1556 pugilis,

134 1570 198 1615 Sit
215 1570 312 1613 licet
329 1579 372 1613 et
390 1579 509 1613 vasto
530 1569 768 1629 Cyclopum
787 1585 961 1629 corpore
979 1572 1128 1629 major,

189 1645 251 1687 Et
270 1653 438 1702 superet
456 1659 583 1686 cursu
605 1643 851 1687 Threicium
872 1645 1065 1697 Boream,

130 1717 246 1760 Tum
263 1717 452 1775 pulchrae
471 1717 610 1759 vincat
627 1717 862 1760 Tithonum
880 1733 1054 1761 munere
1071 1718 1233 1772 formae,

190 1790 361 1833 Divitiis
381 1791 608 1849 Cynaram,
629 1788 869 1848 divitiisque
889 1789 1071 1842 Midam,

129 1863 395 1906 Tantalidum
415 1861 616 1921 Pelopem
635 1862 790 1906 diffuso
806 1862 939 1906 limite
957 1863 1091 1921 regni,

190 1938 420 1981 Adrastum
437 1937 582 1980 blandi
601 1937 775 1980 vocibus
794 1937 964 1995 eloquii,

133 2011 288 2055 Omnia
306 2011 410 2069 quin
428 2011 596 2063 habeat,
617 2010 650 2053 si
669 2009 777 2053 desit
795 2010 949 2053 adorea
966 2009 1089 2053 belli:

191 2085 360 2144 Quippe
379 2100 481 2128 usus
499 2084 637 2128 nullos
656 2084 844 2143 tempore
862 2084 1016 2128 Martis
1033 2084 1177 2137 habet,

132 2159 217 2210 Qui
236 2174 320 2201 non
339 2159 573 2217 intrepidus
591 2158 748 2202 caedem
768 2168 954 2216 spectare
972 2167 1203 2210 cruentam,

191 2233 525 2290 Consertumque
542 2231 653 2275 hosti
671 2231 830 2290 gaudet
849 2231 1003 2274 habere
1019 2228 1185 2289 pedem.

133 2307 230 2348 Hoc
249 2321 346 2348 vere
365 2305 544 2348 solidum
563 2312 786 2358 certamen,
806 2314 855 2348 et·
866 2305 992 2347 unica
1007 2305 1144 2348 virtus

192 2382 372 2423 AEterno
383 2380 562 2437 juvenes
581 2367 678 2437 qua}
697 2380 866 2422 decorat
885 2379 1046 2422 decore.

523 2465 561 2497 2.
582 2450 820 2511 Duriqn'aekc
845 2453 1069 2495 Temenisi.

190 2535 212 2556 ¹
228 2520 564 2570 Pulcherrimum
583 2536 647 2570 est
665 2535 873 2569 certamen
892 2525 1018 2568 armis
1036 2525 1212 2569 vincere.

597 2613 638 2656 3.
660 2599 778 2642 Idem
802 2599 996 2642 Temeno.

190 2671 366 2715 Audere
384 2671 514 2715 decet.
563 2670 820 2731 Tempestivi

221 2801 242 2814 '¹
256 2795 386 2826 Poterat
398 2793 553 2835 conjungi
569 2804 644 2826 eum
655 2793 722 2826 Tit.
737 2794 814 2826 vll.
998 2799 1015 2815 ¹
1031 2793 1127 2826 Refer
1143 2792 1183 2824 ad
1198 2792 1265 2825 Tit.
1280 2792 1374 2825 Lm.

792 2864 852 2905 Ι3

1389 277 1468 327 117
