1780 3178
395 255 852 301 FLORILEGIUM.
883 258 986 302 Trr.
1010 272 1106 303 110.
1340 267 1421 316 273

85 369 237 427 Longe
255 347 439 428 optimus
458 371 534 429 qui
552 380 709 430 sperat.
759 373 825 416 At
843 373 918 431 qui
935 373 1106 432 ignavia

83 443 332 502 Despondet
351 443 553 497 animum,
574 444 733 488 nullius
751 446 877 504 pretii
894 456 960 490 est
977 447 1116 491 homo.

477 518 516 560 8.
537 519 783 563 Menander
801 520 1028 564 Nauclero.

142 591 182 635 Ο
201 592 233 634 J
236 591 406 651 uppiter
426 607 635 650 supreme,
656 608 751 651 spes
769 602 977 651 quantum
996 603 1060 638 est
1078 594 1203 638 mali?

545 679 585 722 9.
606 667 727 709 Idem
746 667 964 710 Fidicina

140 738 268 782 Adeo
286 739 460 782 molesta
476 755 542 782 res
561 750 625 783 est
640 741 907 798 exspectatio.

570 827 634 856 ιο.
657 813 943 857 Archilochus.

142 885 218 930 Nil
235 902 363 945 supra
382 902 499 945 spem
513 886 762 930 collocatum
778 897 854 939 est,
868 887 928 930 nil
942 887 1137 930 futurum
1151 888 1269 947 quod
1283 904 1422 948 neges,

83 960 159 1005 Nil
177 960 295 1019 quod
312 961 528 1004 admirere.
580 962 750 1020 Quippe
769 961 952 1004 caelitum
973 977 1161 1005 summus
1179 971 1300 1021 pater

83 1035 232 1078 Noctis
250 1035 403 1078 excivit
423 1036 616 1078 tenebras
635 1035 679 1077 in
699 1051 815 1078 mero
834 1035 1007 1079 meridie

85 1108 182 1152 Sole
202 1123 245 1151 se
264 1108 640 1166 condente‘magno
659 1124 758 1151 cum
777 1117 895 1152 metu
913 1109 1164 1152 mortalium.

85 1182 195 1226 Inde
214 1182 273 1226 nil
295 1198 461 1241 sperare
479 1182 682 1225 vetitum:
715 1182 775 1225 nil
795 1182 913 1241 quod
931 1185 1155 1241 exsuperet
1169 1183 1319 1227 fidem:

84 1257 217 1301 Nulla
229 1257 320 1315 jam
339 1256 530 1299 miranda
547 1256 669 1299 nobis
687 1256 868 1315 amplius
887 1257 1137 1315 spectacula,

84 1332 128 1374 N
130 1347 176 1374 ec
194 1347 290 1374 suas
309 1331 343 1373 si
358 1331 467 1374 forte
487 1330 661 1388 delphin
679 1330 853 1373 horrido
871 1331 1057 1388 migrans
1075 1331 1182 1374 mari

85 1406 196 1449 Cum
215 1395 315 1448 feris
333 1414 470 1448 mutet
489 1404 694 1447 latebras:
725 1404 876 1462 hisque
895 1404 1056 1447 telluris
1075 1405 1164 1448 solo

87 1479 239 1522 Cal-ius
255 1478 309 1522 sit
328 1493 488 1537 aequor,
502 1477 623 1520 illum
642 1477 752 1520 celsa
770 1477 978 1520 delectent
990 1478 1112 1536 juga.

595 1563 614 1592 1
626 1563 660 1592 1.
689 1550 919 1608 Theognis.

86 1625 362 1668 Tantundem
380 1624 616 1683 plerunque
635 1623 776 1666 valent
793 1639 887 1682 spes
906 1632 1035 1683 atque
1051 1624 1270 1683 periclum,

146 1699 321 1743 Mortali
339 1699 483 1759 generi
502 1698 678 1742 numina
696 1698 806 1741 dura
823 1698 923 1742 duo.

650 1784 715 1815 12.
738 1772 869 1814 Idem.
964 1825 968 1831 .

147 1846 355 1889 Omnibus
374 1862 397 1890 e
417 1845 540 1889 Divis
559 1845 807 1888 mortalibus
827 1861 913 1888 una
930 1845 1045 1888 favet
1066 1846 1182 1903 Spes.

445 1934 512 1977 13.
532 1920 772 1978 Euripides
791 1920 1078 1978 Supplicibue.

151 1996 255 2052 Spes
274 1993 366 2036 dira
384 1993 513 2051 pestis
531 2007 643 2051 saepe
662 1991 888 2035 concordes
907 1991 984 2034 diu

91 2065 312 2145 Commisit
331 2065 455 2108 urbes
474 2065 626 2122 spiritu
646 2064 777 2107 nimio
796 2073 973 2107 tumens.

598 2152 664 2193 14.
686 2138 921 2196 Sophocles.

152 2214 256 2270 Spes
274 2227 457 2270 namque
474 2212 631 2255 multos
651 2211 738 2255 sola
756 2210 952 2254 mortales
969 2210 1057 2254 alit.

586 2299 650 2344 15.
679 2287 941 2329 Theocritus.

152 2360 291 2412 Bane,
312 2358 461 2402 animis
480 2372 589 2416 opus
608 2367 694 2400 est:
726 2356 876 2399 melius
895 2371 993 2398 nam
1011 2355 1153 2398 forsan
1173 2354 1253 2396 erit
1270 2369 1371 2396 cras.

96 2436 200 2492 Spes
219 2433 409 2491 sequitur
428 2431 545 2475 vivos
562 2440 607 2474 et
625 2432 794 2474 functos
812 2438 945 2473 morte
964 2428 1174 2486 relinquit.

96 2507 339 2551 Imbriferas
357 2507 529 2565 hyemes
549 2506 675 2548 modo
694 2505 783 2556 dat,
804 2503 931 2546 modo
949 2504 981 2546 J
983 2501 1153 2560 uppiter
1170 2500 1320 2544 aufert.

469 2580 531 2623 16.
554 2579 794 2636 Euripides
814 2576 1070 2634 Hypsipyle.

155 2655 232 2698 Nil
250 2662 311 2698 est
332 2669 460 2712 supra
479 2668 606 2712 spem.
660 2653 827 2695 Cuncta
845 2649 1001 2708 sperari
1020 2649 1130 2692 data.

660 2736 724 2780 17.
747 2725 874 2766 Bion.

158 2801 266 2842 Haec
285 2797 388 2841 mihi
408 2797 508 2841 trita
524 2797 592 2840 via
609 2808 684 2840 est.
735 2794 846 2838 Heic
864 2809 951 2853 qua
970 2791 1220 2836 descendere
1237 2791 1372 2836 clivus

225 2886 324 2914 vot..
347 2885 408 2913 lv.
710 2883 737 2910 ‘r
