1780 3178
450 246 918 306 FLomLEGmM.
948 249 1144 310 '1²1279.

135 358 180 402 Si
198 373 283 403 non
301 358 485 404 feramus
502 360 629 408 rebus
647 361 810 405 afflictis
828 365 978 420 opem?

547 445 618 488 24.
639 434 861 493 Sqikocks
880 436 1059 480 Ασήεὶο.

159 545 161 548 ,
191 505 339 548 Animi
358 506 536 550 modesti
553 507 706 550 liberos
724 508 871 566 paucis
889 507 1010 552 decet

62 605 67 608 -
135 577 215 621 Uti
232 587 427 636 parentes
444 579 500 622 ad
520 594 617 623 suos
636 580 907 624 sermonibus.

631 662 699 710 25.
726 654 977 698 Chaeremon.

196 725 373 770 Utinam
388 735 475 772 tam
492 727 596 772 felix
615 729 693 772 sim
711 729 822 787 patri
841 738 891 773 ut
908 730 1082 775 reddam
1096 733 1240 777 vicem.
1260 730 1263 733 ’

633 802 702 847 26.
723 803 977 846 Menander.

193 874 226 917 J
227 873 330 917 ubet
347 882 540 932 parentes
558 874 628 918 lex
646 875 736 919 coli*
739 875 868 933 juxta
886 877 1016 921 Deos-

629 958 706 1004 ·27.
722 949 972 1007 Euripides.

195 1021 307 1072 Lex,
325 1019 448 1064 crede
466 1035 612 1079 quaeso
629 1031 778 1074 mater,
798 1021 1054 1066 intercedere

139 1095 374 1152 Nunquam
392 1093 480 1137 ulla
497 1094 652 1153 poterit
670 1111 759 1153 quo
776 1095 917 1138 minus
935 1095 1126 1139 studeam
1146 1097 1247 1141 tibi:

139 1167 192 1211 Id
210 1167 369 1226 quippe
380 1168 456 1227 jus
473 1168 661 1227 exposcit
677 1177 720 1211 et
735 1177 883 1227 partus
901 1169 978 1212 tui.

52 1287 57 1289 b
141 1241 301 1284 Verum
320 1248 418 1284 ante
435 1249 588 1285 cuncta
605 1241 640 1284 si
658 1257 800 1284 meum
819 1243 931 1285 crevi
949 1250 1113 1301 patrem

141 1315 318 1367 Amare,
336 1330 423 1357 non
441 1323 504 1358 est
522 1315 568 1357 id
587 1315 704 1373 quod
722 1315 826 1359 irate
844 1316 976 1359 feras:

142 1388 223 1430 Me
242 1387 346 1431 sevit
362 1388 458 1432 ille:
490 1396 533 1432 et
552 1389 757 1447 quicquid
774 1405 955 1448 usquam
971 1398 1035 1433 est
1052 1392 1242 1449 gentium

143 1461 313 1504 Nomen
331 1461 462 1519 patris
479 1461 704 1521 decusque,
725 1477 811 1506 non
829 1464 987 1517 matris,
1007 1464 1163 1509 ferunt.

669 1536 738 1579 28.
758 1536 964 1594 Orpheus.

202 1606 394 1665 Despicit
412 1607 501 1665 ipse
519 1608 661 1651 Deum
678 1608 844 1666 genitor
862 1610 938 1667 qui
951 1610 1053 1668 jura
1069 1621 1292 1669 parentum

146 1679 248 1722 Rite
266 1680 418 1733 colant,
438 1689 482 1724 et
500 1680 576 1738 qui
593 1688 862 1725 contemnant
879 1683 1004 1726 corde
1022 1685 1223 1741 profano:

146 1754 295 1811 Atque
313 1753 407 1796 illos
424 1753 559 1812 opifer
578 1754 699 1797 donis
716 1755 958 1813 ingentibus
976 1766 1128 1815 auget:

149 1827 245 1872 Hos
264 1825 407 1868 Furiis
425 1826 553 1870 tradit
569 1827 602 1869 J
604 1826 694 1869 ovis
710 1827 984 1885 implacabilis
1002 1828 1086 1872 ira:

150 1898 318 1957 Quippe
336 1914 484 1958 graves
501 1899 630 1943 Diras
648 1900 736 1943 laesi
755 1915 922 1944 movere
941 1911 1146 1960 parentes.

141 1959 144 1963 ’
486 2014 492 2017 .
572 1986 640 2030 29·
661 1975 900 2032 Eurfflaes
919 1975 1062 2033 Alope.

209 2045 336 2097 Quod
354 2055 417 2088 est
435 2046 479 2088 in
498 2046 576 2089 hac
595 2061 640 2089 re
658 2046 904 2099 maximum,
924 2047 1118 2106 incipiam
1137 2049 1267 2108 loqui.

152 2116 345 2160 Primum
363 2118 470 2161 illud
490 2128 601 2162 esto:
632 2119 740 2162 filios
758 2120 950 2178 patribus
969 2121 1056 2177 suis

154 2191 321 2243 Parere,
335 2191 409 2250 jus
428 2202 491 2235 est
509 2200 637 2250 atque
652 2193 717 2235 fas
735 2193 1022 2237 certissimum.

657 2279 727 2323 30.
749 2267 980 2310 Philemon.

213 2339 456 2382 venerarier
474 2347 667 2398 parentes
685 2340 875 2398 inprimis
894 2342 1028 2386 stude.

648 2427 674 2470 3
683 2427 722 2457 1.
746 2414 992 2458 Chaeremon.

216 2483 353 2525 Amor
371 2483 427 2525 ad
445 2491 636 2541 parentes
654 2493 744 2527 esto
761 2486 1127 2530 constantissimus.

414 2556 416 2558 ’
654 2569 727 2612 32.
746 2559 999 2601 Menander.
1084 2587 1090 2599 Ι

221 2630 421 2671 Parentes
439 2629 515 2686 qui
534 2629 713 2681 vadaris,
734 2629 888 2672 insanis
906 2630 1042 2672 miser.

645 2715 714 2759 33.
736 2703 1018 2761 Dicaeogenes.

223 2774 393 2816 Numen
413 2783 604 2829 parentes
622 2775 850 2818 maximum
870 2776 1135 2832 sapientibus.

1386 267 1465 301 201
