1838 3276
424 252 892 298 FLORILEGIUM.
924 252 1030 307 Trr.
1056 253 1120 295 16.

24 352 30 357 ι
106 373 271 415 Doctus
289 370 344 414 ab
362 368 555 427 exemplo
573 382 716 426 quam,
736 365 811 425 qui
832 381 908 409 sua
925 364 1126 424 perdidit,
1143 364 1205 407 illi

164 447 263 489 Non
282 444 336 488 sit
355 445 399 487 in
417 441 588 487 alterius
606 441 733 484 rebus
750 439 947 485 habenda
964 439 1080 482 fidos

634 529 676 573 3.
696 514 916 574 Diphilus.
975 540 979 543 -

166 593 403 650 Congerere
421 603 618 633 acervum
637 586 836 646 temporis
854 585 970 644 longi
988 593 1052 628 est
1069 598 1203 642 opus:

108 667 246 718 Quem
265 673 509 723 congestum
530 677 616 705 una
633 660 755 704 facile
772 658 952 718 disjiciat
970 657 1071 701 dies.

619 749 661 790 4.
681 733 934 777 Menander.

167 811 352 870 Opipare
371 810 520 853 vivunt
538 807 675 861 multi,
694 805 921 866 quaesitum
938 804 1095 864 quibus

111 885 246 930 Tueri
264 884 473 928 difficilius
490 892 554 927 est
571 897 701 942 quam
720 895 919 940 quoerere.
951 925 955 928 ,

679 965 722 1013 5.
739 955 870 998 Idem.

170 1031 216 1078 Si
235 1032 521 1091 navigandum
541 1031 594 1074 sit
612 1030 763 1074 diebus
781 1036 1000 1088 quattuor,

112 1109 331 1161 Quantum
350 1114 414 1149 sat
431 1114 495 1148 δι
512 1119 711 1163 paramus
727 1103 774 1146 in
793 1101 968 1162 totidem
988 1099 1089 1142 dies.

113 1183 206 1225 Cur
223 1195 308 1223 non
326 1179 428 1222 item
447 1177 622 1221 sollicita
637 1174 890 1234 parsimonia
909 1183 972 1216 est

112 1252 323 1297 Viaticum
341 1267 394 1294 ne
413 1249 522 1294 daeit
539 1248 654 1292 aetati
672 1248 819 1291 malae?

630 1324 670 1366 6.
699 1323 930 1382 Theognis.

228 1400 392 1453 Medio,
411 1399 521 1442 duoe
536 1413 619 1450 me,
638 1396 898 1456 proficiscere
915 1395 1034 1447 calle,
1081 1394 1092 1397 ”

115 1476 178 1518 Et
196 1489 263 1527 ne,
285 1475 442 1532 Cyme,
462 1471 553 1514 aliis
571 1470 647 1513 des
664 1469 803 1512 aliena
819 1484 933 1511 cave.

250 1606 255 1607 ⁷
460 1557 499 1602 7.
517 1547 716 1605 Scriptor
728 1545 853 1587 aurei
874 1543 1102 1587 Carminis.

173 1622 491 1681 Intempestivos
509 1629 674 1664 sumtus
690 1615 820 1678 fugei
848 1633 925 1661 nec
943 1626 1084 1660 tamen
1100 1625 1192 1660 esto

118 1697 323 1743 Sordidus
340 1697 385 1740 in
403 1695 564 1741 cunctis
581 1695 719 1738 rebus.
769 1692 933 1736 Modus
949 1691 1109 1750 optima
1126 1706 1192 1733 res
1210 1698 1284 1733 est.

531 1858 547 1880 ⁵
559 1847 864 1898 TITULUS
894 1846 1039 1896 Xv1-.

579 1966 655 2004 DE
684 1918 997 2003 ΡΑΒΟΙΤΑΤΕ.

646 2078 684 2108 1.
703 2063 934 2107 Philemon.

181 2143 227 2187 Si
245 2158 342 2201 quae
355 2142 562 2185 bonorum
581 2138 785 2181 habemus
803 2136 871 2179 his
888 2150 973 2178 non
992 2134 1165 2186 utimur,

123 2220 231 2271 Quae
248 2231 335 2260 non
350 2214 554 2258 habemus
571 2211 816 2270 quaerimus,
836 2224 1000 2268 semper
1018 2208 1139 2252 bonis
1178 2224 1182 2226 ·

123 2294 220 2336 Aut
236 2298 378 2334 nostro
395 2286 498 2330 vitio
517 2294 592 2328 aut
611 2285 814 2327 Fortunae
832 2282 1079 2325 carebimus.

616 2370 656 2403 2.
676 2357 966 2416 Apollodm-us.

184 2435 269 2480 Odi
286 2435 500 2478 fortunam
517 2431 777 2475 habitantem
789 2429 835 2471 in
852 2428 1004 2471 misero
1021 2440 1214 2484 corpore.

126 2512 239 2555 Nam
258 2523 354 2552 cum
373 2506 469 2565 quis
485 2505 661 2564 opulens
676 2504 845 2562 inopem
861 2501 991 2544 vitam
1010 2499 1186 2550 victitat,

126 2584 244 2638 Quid
261 2582 378 2626 aliud
394 2582 509 2624 hunc
526 2593 656 2637 quam
673 2577 829 2620 crimen
848 2576 1051 2618 Fortunae
1069 2587 1216 2622 vooes;

128 2661 236 2713 Quoe
254 2671 382 2717 prave
399 2654 549 2699 misero
565 2651 759 2696 comitem
778 2666 821 2693 se
839 2648 914 2703 dat
931 2647 1117 2691 miseriae.

480 2818 492 2833 ⁸
511 2811 602 2844 Adde
614 2810 764 2852 quadam·
775 2818 849 2849 quae
863 2816 960 2848 supra
972 2804 1041 2837 Tit.
1056 2805 1101 2835 X.

761 2880 789 2908 E
810 2878 837 2918 4

1379 261 1436 307 55
