1780 3178
354 234 437 263 110
756 213 1020 259 IOANNIS
1050 212 1289 259 STOBAEI

862 337 926 369 12.
950 325 1185 367 Pindarus.

411 399 495 454 Qui
515 391 839 443 contumeliosus
860 409 922 442 est
941 399 985 441 in
1005 399 1183 441 alterum

526 476 587 518 Et
605 474 694 532 ipse
710 472 960 516 tantundem
980 472 1100 514 ferat.
1160 480 1164 486 '

633 604 638 611 l
867 558 932 603 13.
945 546 1188 604 Sophocles.

412 623 590 667 Laudo:
625 618 699 665 sed
718 631 761 665 et
781 630 829 664 tu
849 619 1014 663 noveris
1034 620 1212 662 verbum
1232 627 1376 662 vetus:

354 698 430 741 Vir
450 697 586 740 clarus
603 695 754 738 humili
776 708 887 753 saepe
907 695 959 737 de
979 702 1089 736 sorte
1110 692 1223 735 exiit.

882 780 950 821 14.
971 767 1178 810 Moschio.

414 845 529 886 Iram
549 841 719 900 repelle,
741 849 784 883 et
803 840 932 883 verba
950 839 1027 882 tibi
1047 855 1144 897 quae
1164 839 1374 897 proferam

355 919 537 964 Pacatus
556 918 669 962 audi.
722 919 829 970 Quae
843 916 1076 974 benignum
1095 915 1228 958 oratio

354 997 492 1039 Nacta
511 993 751 1038 audientem
772 1000 848 1044 est,
870 1006 956 1034 non
975 999 1088 1033 caret
1108 990 1253 1033 fructu
1276 1002 1364 1033 suo.

837 1079 900 1123 15.
923 1065 1212 1123 Apollodorus.

413 1142 654 1185 Orationem
676 1140 751 1198 qui
769 1139 904 1191 audit,
926 1148 975 1181 ut
994 1139 1101 1181 bene
1114 1138 1293 1197 judicet,

356 1213 482 1258 Prius
500 1214 590 1272 ipse
610 1229 750 1257 secum
772 1213 826 1255 de'
845 1220 1009 1255 oratore
1023 1212 1203 1269 judicet,

356 1289 461 1341 Quis
481 1289 547 1341 sit,
568 1289 732 1346 cujatis,
752 1303 839 1346 qua
855 1280 995 1340 domo,
1018 1287 1167 1345 qualis,
1189 1287 1345 1345 quibus

356 1362 531 1405 Puertia
550 1363 740 1419 abusque
761 1361 910 1404 studiis
930 1375 1017 1404 sese
1035 1357 1256 1404 addixerit.

355 1438 468 1479 Nam
488 1436 562 1494 qui
583 1450 707 1478 suum
728 1435 817 1493 ipse
836 1435 982 1478 florem
1003 1435 1137 1478 aetatis
1156 1434 1358 1492 prodidit,

354 1510 565 1568 Apprime
583 1518 646 1552 est
665 1517 791 1567 aptus
811 1508 1022 1552 civitatem
1043 1518 1240 1551 evertere.

354 1585 455 1627 Non
473 1583 534 1625 illi
554 1593 679 1641 turpe
699 1583 891 1626 excidere
911 1593 953 1625 et
973 1583 1144 1641 explodi
1163 1592 1327 1641 putant.

356 1656 474 1699 Nihil
494 1657 739 1714 relinquunt
758 1656 1027 1709 intentatum,
1049 1672 1146 1699 cum
1167 1656 1307 1715 pudor

357 1730 525 1773 Postico
545 1729 710 1791 elapsus
730 1729 893 1787 pridem
915 1730 969 1772 ab
989 1730 1089 1788 ipsis
1108 1730 1278 1788 fugerit·

357 1805 528 1847 Horum
548 1803 728 1861 quisque
748 1804 877 1846 audet
897 1801 1196 1862 experiturque
1210 1803 1364 1855 omnia,

356 1882 517 1922 Contra
535 1879 732 1921 ruborem
753 1870 904 1921 frontis
922 1878 1217 1931 invictissimae,

357 1953 564 2005 Mendax,
585 1952 782 2010 perjurus
802 1952 931 2004 testis,
955 1961 1088 1995 sartor
1107 1952 1260 2004 litium,

357 2029 464 2080 Fur,
486 2023 750 2084 publicanus,
770 2036 1034 2078 comessator,
1054 2026 1237 2084 denique

355 2101 534 2143 Tribum
554 2100 741 2143 cinaedus
759 2100 912 2158 perdit,
933 2109 1009 2142 aut
1028 2089 1177 2143 urbem
1192 2114 1373 2158 quoque.

358 2175 555 2231 Namque
575 2174 700 2216 urbes
720 2182 842 2225 totaS,
863 2173 943 2216 ista
961 2189 1066 2231 quas
1085 2189 1253 2232 pessum
1273 2173 1391 2216 dedit

361 2247 541 2299 Scabies,
564 2247 597 2289 si
617 2247 826 2299 advortas,
847 2247 1016 2290 recitem
1036 2256 1100 2290 tot
1118 2263 1308 2300 numere,
1331 2248 1498 2302 Theon,

359 2320 554 2363 Recitare
575 2331 623 2364 ut
642 2336 812 2364 censum
831 2321 1004 2364 navium
1023 2334 1090 2364 me
1110 2321 1330 2364 existimes.
