1838 3276
381 281 435 322 24
773 268 1035 312 IoANle
1066 268 1313 315 STOBAEI

942 395 1007 437 14.
1029 382 1160 426 Idem.

438 453 636 496 Gaudere
655 453 790 497 foedas
808 454 864 497 ob
883 454 1137 512 voluptates,
1158 455 1289 499 nefas.

785 538 849 582 15.
866 529 1105 586 Euripides
1120 524 1314 573 Bacchis.

435 601 586 657 Neque
605 599 732 643 corda
750 610 895 658 turpes
913 601 1086 644 Veneris
1101 602 1146 644 in
1165 602 1307 646 vetitae
1325 603 1440 647 faces

379 671 595 714 Foeminea
612 681 734 730 coget
754 672 909 715 Liber:
941 673 1159 731 ingenium
1178 675 1341 720 bonum

378 746 551 803 Semper
569 745 713 803 pudici
732 746 923 804 regulam
942 747 1070 790 moris
1094 756 1221 792 tenet.

378 819 476 860 Hoc
495 818 766 876 cogitandum
786 828 871 863 est:
902 820 947 863 in
967 820 1094 864 sacris
1111 822 1342 874 evantium,

377 891 653 947 Quaecunque
669 906 768 933 vere
786 901 849 934 est
867 901 995 945 casta,
1016 908 1101 935 non
1120 880 1352 937 vitiabitur.

808 966 873 1007 16.
894 966 1014 1008 Idem
1034 967 1284 1025 Hv‘ppobyto.

781 1039 898 1090 Quos
917 1047 966 1081 tu
985 1049 1028 1081 et
1047 1049 1243 1097 quantOS,

377 1110 614 1168 Hippolyte
632 1111 770 1163 heros,
790 1121 938 1155 nactus
957 1113 1151 1166 honores,

378 1183 506 1224 Casto
526 1182 623 1225 vitae
643 1183 839 1227 tramite?
870 1199 1054 1242 namque
1072 1185 1164 1228 haec

378 1255 523 1297 Virtus
540 1255 729 1299 homines
747 1256 885 1314 prima
895 1267 1098 1301 coronat:

379 1327 476 1371 Cito
494 1328 562 1371 vel
582 1344 673 1371 sero
693 1329 884 1387 sequitur
905 1344 1070 1388 semper

435 1402 641 1445 Pietatem
660 1402 804 1446 debita
822 1417 992 1447 merces.

941 1488 1006 1532 17.
1029 1478 1161 1522 Idem.

435 1550 541 1592 Suas
560 1564 636 1592 nec
656 1551 926 1608 exprobravit
945 1551 1184 1606 infelicibus

377 1622 544 1675 Clades,
566 1632 607 1665 et
625 1623 714 1681 ipse
733 1624 816 1667 tale
834 1625 941 1682 quid
960 1634 1152 1668 metuens
1170 1626 1272 1684 pati.

899 1699 964 1740 18.
987 1700 1196 1743 Incertus.

433 1770 703 1812 Certantibus
722 1771 906 1823 duobus,
927 1771 1035 1814 irato
1053 1771 1201 1824 altero,
1266 1765 1275 1770 .

365 1843 549 1885 'Certare
568 1842 643 1900 qui
663 1843 825 1886 desistit
844 1853 907 1887 est
927 1844 1164 1902 sapientior.

793 1932 857 1973 19.
879 1919 1117 1977 Emiqaides
1136 1920 1303 1962 Medea.

434 1991 512 2033 Me
531 1990 679 2049 diligat
699 1992 918 2044 modestia,

376 2063 502 2114 Quod
521 2078 676 2106 munus
695 2075 757 2107 est
776 2064 1120 2122 pulcherrimum.

743 2188 745 2190 ,
804 2149 871 2180 2ο.
893 2138 1013 2186 Idem
1033 2139 1282 2196 Hippobgsto.

432 2210 548 2251 Proh
568 2224 696 2267 quam
717 2209 905 2254 modesta
923 2225 1041 2254 mens
1061 2211 1222 2269 ubique
1240 2212 1451 2264 hominem
1471 2212 1605 2265 decet,

376 2283 436 2324 Et
455 2282 639 2324 inclitam
659 2282 797 2327 adfert
814 2282 993 2340 gloriam
1014 2284 1274 2327 mortalibus.

840 2369 907 2401 21.
929 2358 1049 2401 Idem
1075 2359 1245 2402 Theseo.

433 2427 588 2471 Melior
609 2429 681 2471 sed
700 2429 806 2472 alius
825 2441 889 2473 est
907 2445 1025 2474 amor
1044 2431 1308 2484 mortalibus,

375 2500 535 2544 Mentis
553 2498 733 2559 pudicae,
755 2503 1038 2561 temperantis,
1059 2512 1102 2547 et
1122 2504 1278 2561 probae.

922 2591 990 2624 22.
1011 2578 1163 2622 Linus.

433 2648 600 2690 Certius
620 2659 670 2692 ut
689 2650 777 2692 veri
796 2651 928 2708 possis
948 2651 1136 2694 insistere
1155 2651 1317 2703 callem,

376 2721 529 2763 Imbue
549 2721 742 2766 sollicitas
761 2724 912 2767 nostris
932 2725 1192 2768 sermonibus
1211 2740 1347 2778 aureS,

373 2793 438 2834 Ut
456 2793 602 2850 procul
622 2793 822 2839 immanes
839 2795 972 2839 furias
991 2796 1044 2839 de
1064 2805 1232 2854 pectore
1251 2796 1398 2855 pellas,
