1838 3276
432 287 902 333 FLORILEGIUM.
934 291 1040 334 Tr‘r.
1067 305 1131 349 ¹3·

544 415 583 448 2.
602 403 826 462 δῳῆοεῖω
845 405 1015 464 Ἔάίρο.

165 474 238 516 OE.
259 474 435 517 Jactans
453 484 676 533 protervus
693 477 824 520 verba
841 487 929 522 tam
949 479 1169 523 temeraria
1234 501 1258 513 -·

106 547 312 606 Effugere
331 564 515 607 quanam
534 566 656 608 posse
676 560 717 595 te
734 567 878 610 speras
899 553 991 597 via?

109 612 165 662 Τ.
187 620 313 679 Fugi.
366 623 460 666 Stat
478 638 506 665 a
523 639 592 667 me
611 624 778 678 veritas,
798 641 866 669 res
883 637 1138 687 praepotens.

603 710 644 754 3.
665 698 785 740 Idem
804 699 945 757 Ajezce.

160 767 231 808 M.
257 766 430 824 Lingua
448 767 539 810 haec
556 768 677 811 malis
695 769 740 812 in
758 770 886 813 rebus
903 771 1166 816 illaudabilis.

107 839 162 881 Τ.
184 839 296 891 Quia
314 839 436 893 dura,
457 841 650 899 quamvis
662 842 783 900 justa
801 842 898 896 sint,
919 845 1114 889 mordent
1133 855 1282 889 tamen.

126 972 129 973 ⁷
652 930 696 970 4
717 918 892 960 Ibidem.

159 989 231 1030 M.
251 988 410 1032 Ferooe
428 988 576 1048 lingua
595 990 768 1048 spiritus
786 1006 961 1049 magnos
979 992 1066 1036 alis.

107 1061 162 1103 T.
183 1061 295 1104 Nam
307 1062 409 1120 jure
427 1063 556 1106 fretos
573 1072 723 1121 peetus
741 1065 975 1109 animosum
994 1067 1129 1110 decet.

543 1148 588 1193 5.
608 1137 831 1195 Sopkodee
856 1139 1002 1182 Tereo.

158 1207 338 1251 Confide
356 1224 553 1267 promens
570 1225 684 1262 vera,
705 1226 791 1253 non
808 1212 1025 1256 erraveris.

528 1284 568 1326 6.
589 1284 811 1343 Scphocks
826 1286 1011 1329 Aleadis.

156 1356 272 1399 Nam
283 1356 404 1414 justa
422 1356 570 1416 lingua
588 1357 815 1401 maximam
834 1359 921 1402 vim
940 1361 1137 1418 possidet.

619 1441 658 1487 7.
678 1433 931 1490 Ewripides.

157 1503 299 1545 Detur
317 1502 436 1555 mihi,
457 1502 511 1546 sit
530 1503 600 1547 ille
620 1505 838 1549 mendicus
855 1505 968 1559 lieet,

3 1595 9 1598 -
96 1576 195 1617 Aut
213 1575 247 1618 si
266 1575 372 1633 quid
390 1575 502 1619 infra
520 1586 597 1629 est,
617 1577 694 1636 qui
713 1578 817 1621 mihi
835 1588 949 1622 reete
967 1579 1112 1626 volens

0 2930 30 3276 WW-w·
0 2851 13 2903 ·’«·
0 2766 2 2803 ·”

97 1649 227 1700 Quod
245 1649 378 1693 dietat
395 1650 560 1693 animus
578 1662 745 1710 promat
762 1661 905 1695 amoto
924 1661 1058 1696 metu.

315 1723 318 1728 “
551 1724 590 1767 8.
612 1725 732 1767 Idem
756 1726 983 1769 Tenoeniei.

155 1795 344 1854 Egregia
361 1811 428 1839 res
446 1806 509 1839 est
527 1812 628 1840 vera
646 1806 885 1841 constanter
902 1798 1032 1858 loqui.

618 1885 661 1926 9.
680 1871 916 1930 Scphocles.

155 1942 255 1984 Non
274 1952 337 1986 est
356 1943 589 1986 remedium
607 1944 736 1987 rebus
753 1944 916 1988 afflictis
934 1944 1087 2003 pudor.

95 2014 452 2058 Taoens‘videtur
470 2024 580 2059 stare
598 2016 653 2059 ab
671 2017 976 2060 accusantibus.

523 2101 591 2131 10.
610 2089 848 2148 Euripides
874 2090 1065 2149 Telepho.

153 2161 267 2214 Non,
285 2161 320 2203 si
339 2161 523 2206 minante
535 2162 626 2220 jam
647 2162 884 2222 securigera
901 2179 1032 2208 manu

95 2235 252 2277 Cei-vix
271 2234 352 2277 sub
370 2235 458 2278 ictu
477 2244 621 2289 staret,
641 2237 952 2294 Agamemnon,
973 2250 1081 2291 mea,

97 2307 297 2351 Munitus
314 2323 439 2366 aequo
455 2308 631 2352 liberam
649 2325 794 2353 vocem
812 2325 1014 2368 premam.

418 2395 434 2423 ι
446 2395 485 2424 1.
507 2381 726 2424 Philemon
743 2382 1115 2441 Εμὸἆόωκοηιωο.
1198 2443 1201 2445 q

153 2462 169 2483 ¹
183 2454 436 2512 Promptum
455 2452 612 2496 diserto
630 2452 778 2511 lingua
795 2453 1053 2511 perfugium,
1073 2461 1204 2512 pater.

498 2538 565 2569 12.
585 2526 823 2584 Euripides
842 2526 1032 2568 Hecuba.

153 2599 269 2642 Proh
289 2599 465 2658 pulchra
482 2600 595 2643 facta
611 2599 795 2657 cuipiam
814 2614 912 2642 cum
932 2605 1180 2679 suppetunt,

95 2673 280 2717 Pulchre
298 2673 497 2732 loquendi
517 2689 646 2732 quam
664 2672 848 2732 benigna
865 2670 1026 2715 ooeasio
1045 2679 1119 2714 est.

544 2841 670 2875 neser
684 2841 726 2874 ad
739 2841 808 2873 Ίῑῐ.
823 2837 981 2872 xxxlv.

727 2912 756 2940 E
779 2910 804 2940 2

1387 306 1443 352 51
