1838 3276
406 264 409 266 ’
475 284 533 329 50
875 270 1132 314 IOANNIS
1163 271 1410 315 STOBAEI

914 397 980 429 12.
1003 386 1122 428 Idem
1148 386 1379 429 Thesaasro.

535 458 661 512 Quod
680 474 758 516 pro
775 458 908 502 salute
925 458 1082 502 dicitur
1099 459 1379 512 mendacium,

477 535 555 576 Me
567 533 713 591 judice
731 533 886 575 habere
905 531 965 575 nss
983 541 1123 590 potest
1140 532 1406 576 incommodi.

972 614 1037 661 15.
1062 605 1315 648 Chaeremon.

533 681 648 723 Inter
665 680 798 723 bonos
817 678 1035 721 mendacio
1053 678 1118 721 uti
1138 694 1223 721 non
1243 679 1375 722 decet.

909 754 972 794 16.
994 753 1210 795 Homem
1229 753 1380 795 Iliade.

531 827 606 870 Ille
625 827 728 869 mihi
746 826 904 869 invisus
923 826 1079 884 pariter
1097 841 1195 869 cum
1215 827 1409 869 faucibus
1429 827 1544 880 Orci,

472 903 611 960 Cujus
628 916 745 945 mens
762 900 878 943 aliud
897 900 1039 943 condit
1059 915 1188 957 quam
1207 900 1354 958 lingua
1371 901 1576 959 profatur.

1010 974 1269 1031 Phocylides.

528 1050 638 1091 Vera
657 1048 773 1106 loqui
793 1063 970 1105 semper,
990 1046 1105 1090 falsis
1124 1047 1323 1090 absistere
1342 1062 1455 1091 cura.

1074 1121 1205 1163 Idem.

528 1196 619 1238 Nec
639 1194 716 1237 tibi
734 1209 851 1237 mens
869 1193 986 1257 aliud
1005 1193 1159 1236 condat
1177 1209 1306 1251 quam
1326 1193 1472 1252 lingua
1490 1194 1698 1252 profatur.

1022 1268 1254 1310 Cleobulus.

526 1342 800 1386 Mendacium
819 1342 910 1385 odit
928 1341 1120 1399 quisquis
1138 1342 1336 1385 animitas
1355 1342 1476 1400 sapit.

1031 1417 1240 1459 Incertus.
1517 1415 1540 1430 ‘⁸

524 1489 600 1532 Vir
618 1489 734 1547 frugi
753 1497 796 1531 et
817 1488 980 1546 sapiens
999 1488 1096 1531 odio
1114 1488 1243 1532 habet
1259 1489 1488 1534 mendacia.

465 1563 605 1605 Vitam
626 1562 821 1605 dissociat
839 1562 1043 1604 mentiens
1061 1562 1282 1605 calumnia.

467 1638 640 1694 Semper
658 1635 787 1678 latere
805 1634 996 1693 quisquis
1014 1635 1218 1678 mentitur
1235 1636 1394 1694 nequit.

1002 1709 1261 1768 Phoqylides.

1064 1856 1196 1898 Idem.

519 1929 630 1970 Vera
646 1927 778 1986 loqui,
798 1942 1016 1986 nunquam
1037 1927 1179 1971 testari
1198 1927 1304 1970 falsa
1322 1937 1542 1971 memento.

968 2011 1032 2056 17.
1059 2001 1290 2060 Theognis.

462 2076 597 2118 Grata
614 2074 786 2133 quidem
803 2074 941 2132 primo
959 2074 1197 2117 mendacia:
1231 2074 1304 2117 sed
1316 2062 1459 2118 'malus
1475 2074 1559 2119 illis

517 2149 684 2191 Exitus.
735 2150 808 2191 Ex
827 2164 952 2205 aequo
971 2148 1065 2190 finis
1085 2148 1254 2207 utrique
1273 2160 1406 2192 nocet.

458 2221 533 2264 Nil
551 2222 679 2265 habet
697 2221 766 2264 ille
784 2221 899 2274 boni,
920 2221 989 2265 cui
1007 2222 1159 2265 mentis
1177 2211 1370 2267 adultera
1387 2239 1471 2267 vox
1490 2232 1566 2277 est,

517 2295 760 2354 Falsiloquo
778 2296 901 2355 cujus
914 2296 1058 2355 prodit
1074 2297 1131 2340 ab
1150 2313 1222 2341 ore
1241 2297 1375 2341 dolus.

876 2417 1180 2468 TITULUS
1214 2419 1366 2469 XIII.

707 2518 782 2557 DE
811 2519 1116 2558 LIBERTATE
1144 2521 1205 2559 IN
1231 2520 1552 2563 LOQUENDO.

969 2618 986 2647 1
995 2637 1004 2646 .
1024 2605 1273 2664 Euripides.

510 2674 712 2732 Rigidine
731 2676 833 2729 veri,
853 2676 989 2720 mollis
1007 2693 1061 2720 an
1082 2678 1286 2721 mendacii

452 2748 583 2792 Malis
601 2749 801 2808 loquelas,
823 2751 923 2795 ede:
956 2767 1054 2796 nam
1073 2752 1200 2797 datur
1218 2752 1345 2812 optio.

522 1783 701 1826 Nectere
721 1797 845 1841 parce
864 1781 993 1825 dolos.
