1780 3178
362 271 442 301 102
758 255 1014 300 IOANNIS
1045 255 1308 298 STOBAE'I*

358 363 560 423 Oportuit
579 363 638 406 nil
659 378 780 421 posse
795 363 976 406 fortunae
995 378 1116 420 vagae

358 437 560 489 Arbitria,
586 436 659 479 sed
679 435 903 494 conspicua
921 435 1070 478 florere
1089 434 1243 486 omnia,

359 513 423 554 Ut
443 511 517 569 qui
538 511 681 568 vigore
701 509 861 552 roboris
879 508 1042 566 primus
1061 507 1184 559 foret,

360 586 443 627 Seu
465 582 635 626 tendere
655 597 814 634 arcum,
838 597 912 624 seu
932 580 1098 623 vibrare
1117 580 1280 623 hastam
1300 594 1444 632 manu,

361 659 448 700 Suo
467 657 690 715 imperaret
704 657 803 714 jure
823 654 1112 698 deterioribus.

768 742 830 784 14.
854 730 1075 787 Sophocles
1095 728 1234 786 Ajace.

418 805 537 848 Male
556 805 745 848 educatoe
763 804 926 862 praebet
944 803 1147 846 indicium
1166 801 1318 844 indolis

360 879 476 923 Civis
494 894 688 922 recusans
708 878 882 935 obsequi
902 877 1144 920 rectoribus.

359 953 460 995 Non
478 952 691 995 civitatem
709 960 851 994 sancta
870 951 1064 1008 majestas
1083 950 1159 992 diu

361 1028 559 1069 Fraenare
578 1026 721 1084 legum
741 1025 896 1084 poterit
914 1034 1055 1073 amoto
1074 1033 1206 1076 metu,

360 1101 403 1143 Ν
405 1116 453 1143 ec
471 1099 700 1158 disciplinae
719 1108 854 1142 castra
873 1099 1100 1142 servabunt
1119 1098 1293 1142 modum

362 1175 469 1226 Quae
488 1188 572 1216 non
591 1173 732 1231 pudor
750 1173 950 1216 munierit
969 1182 1011 1215 et
1030 1172 1276 1215 reverentia.

760 1258 824 1301 15-
841 1236 1088 1288 'Menander
1107 1247 1301 1288 Incensa.
1367 1269 1369 1271 -

765 1319 897 1362 fTria
916 1328 1028 1371 sunt,
1050 1319 1164 1372 here,

361 1395 432 1436 Ex
451 1393 571 1451 queis
591 1401 798 1450 geruntur
817 1402 992 1436 cuncta:
1023 1407 1175 1450 nempe
1195 1409 1247 1435 ex
1266 1385 1466 1451 legibu82⁸

359 1468 455 1509 Aut
475 1483 526 1509 ex
547 1467 802 1519 necessitate,
823 1475 899 1510 aut
917 1466 1231 1511 consuetudine.

865 1544 930 1584 16.
951 1541 1200 1601 Euripides,

417 1615 544 1668 Quod
563 1615 652 1673 ipse
671 1614 830 1673 deliqui
850 1615 969 1658 alteri
989 1630 1075 1657 non
1095 1614 1313 1665 suaserim,

360 1691 425 1733 Ut
445 1689 548 1732 solia
566 1689 683 1748 regni
703 1688 843 1731 liberis
862 1688 1002 1731 tradat
1022 1680 1122 1739 suis,

360 1763 517 1807 Oculos
535 1763 782 1821 priusquam
802 1762 952 1805 sentiat
971 1761 1153 1805 tenebris
1172 1761 1321 1819 premi,

360 1837 427 1878 Ne
447 1835 599 1878 sobolis
618 1835 706 1893 ipse
724 1835 879 1877 debeat
897 1834 1034 1892 legem
1053 1833 1154 1892 pati.

796 1919 860 1963 17.
881 1909 1102 1966 Sqilwcles
1122 1908 1264 1964 Ajace.

417 1982 507 2026 Ubi
526 1982 750 2026 insolenter
769 1991 920 2024 cuncta
937 1997 1016 2039 pro
1035 1980 1209 2026 libidine

359 2058 538 2114 Impune
556 2056 692 2098 facere
712 2064 788 2107 est,
809 2055 955 2098 civitas
973 2054 1166 2100 felicibus

359 2129 496 2172 Nimis
515 2145 591 2171 usa
610 2129 744 2171 ventis
762 2129 969 2186 naufraga
986 2128 1030 2170 in
1049 2127 1233 2176 fundum
1253 2135 1359 2176 ruet.

362 2203 426 2246 Sit
444 2219 545 2261 ergo
564 2211 795 2260 temperata
812 2202 983 2244 libertas
1002 2210 1119 2244 metu
1135 2218 1145 2244 :

358 2279 450 2320 Nec
469 2277 720 2320 arbitremur
741 2293 831 2329 nos,
854 2285 1066 2335 patrantes
1084 2291 1182 2334 quae
1194 2276 1362 2334 juvent3

359 2352 458 2393 Non
477 2350 548 2393 illa
567 2366 666 2393 mox
686 2350 840 2392 debere
858 2365 956 2407 quae
976 2349 1146 2392 doleant
1165 2350 1265 2407 pati,

361 2427 471 2468 Sunt
489 2425 569 2468 ista
587 2425 748 2468 vicibus
769 2439 890 2467 nexa.

898 2498 964 2539 18.
986 2497 1161 2544 Ibidem„

419 2571 558 2630 Serpit
570 2572 698 2629 juxta
716 2570 821 2613 livor
839 2571 1064 2613 habentem
1081 2587 1093 2611 ι

361 2644 487 2687 Plebs
506 2644 622 2687 nuda
641 2652 794 2696 tamen,
815 2643 914 2686 tolle
933 2651 1138 2701 potentes,

363 2718 495 2762 Haud
515 2718 696 2776 praesidii
717 2718 815 2762 satis
834 2718 925 2775 ipsa
944 2716 1021 2759 sibi
1043 2725 1116 2759 est.

820 2825 834 2847 f
850 2826 949 2858 Refer
963 2826 1005 2857 ad
1020 2824 1090 2857 Tit.
1106 2822 1184 2855 XLI
1191 2823 1228 2854 V.
