1838 3276
468 284 933 330 FLORILEGIUM.
963 288 1064 332 Tm
1089 301 1154 334 21.

551 410 854 460 TITULUS
887 411 1033 461 XXI.

400 522 474 561 DE
504 522 914 564 COGNOSCENDO
926 572 929 575 Γ
943 522 1188 563 SEIPSUM.

654 626 689 654 Ι.
712 613 942 656 Philemon.

183 683 411 726 Hominem
430 701 519 728 esse
538 694 666 738 temet
684 686 849 730 noveris
867 703 921 730 ac
935 687 990 731 sis
1009 703 1183 732 memor.

636 773 676 805 2.
696 760 949 804 Menander.

181 833 279 875 Hoc
297 832 405 875 illud
422 839 544 876 vetus
563 842 640 886 est,
662 834 799 876 Nosce
818 843 860 876 te
880 832 1034 893 ipsum,
1056 850 1122 877 res
1142 844 1236 877 tuas

123 904 169 946 Si
188 905 295 948 bene
315 906 525 964 spectaris,
546 915 588 949 et
607 906 712 966 quid
731 923 785 950 ex
805 923 887 950 usu
907 908 994 950 siet.
1022 906 1028 912 ’

648 994 690 1037 3.
711 980 931 1039 Diphilus.

180 1053 225 1096 Si
244 1053 407 1096 noveris
425 1051 539 1111 quid⁴
549 1054 603 1096 sit
622 1053 763 1106 homo,
784 1054 899 1096 vives
919 1053 1099 1096 suavius.

618 1140 660 1181 4.
681 1128 959 1185 Antiphanes.

180 1200 375 1242 Mortalis
392 1214 490 1243 cum
510 1199 579 1253 sis,
600 1198 711 1242 intra
730 1184 948 1242 moi-talem
969 1215 1077 1258 sape.

466 1284 507 1330 5.
529 1272 771 1315 Menwnder
794 1272 1110 1330 ssrasyleonte.

178 1345 342 1388 Multas
359 1346 415 1388 ob
434 1361 580 1389 causas
599 1361 684 1389 non
702 1346 837 1404 probo
856 1345 1117 1395 sententiam,

120 1420 189 1462 Te
208 1435 353 1462 nosce:
386 1419 522 1463 multo
540 1419 695 1462 rectius
713 1419 876 1462 dictum
894 1419 1018 1470 foret,

121 1494 258 1536 Nosce
277 1493 390 1536 alios.

525 1621 828 1670 TITULUS
861 1620 1039 1668 XXII.

595 1720 671 1758 DE
699 1719 980 1759 SUPERmA.

545 1819 584 1849 1.
604 1807 844 1864 Euripides
865 1807 1036 1849 leuco.

173 1882 327 1924 Fastus
345 1880 443 1923 mali
462 1880 641 1923 hominis
660 1895 726 1922 τω
745 1879 853 1922 male
871 1888 934 1922 est
953 1879 1189 1922 tolerabilis.

543 1966 582 1998 2.
710 1954 720 1963 ”
757 1954 766 1964 ’
819 1968 841 1996 8
860 1954 1025 1996 Ioeicme.

176 2026 348 2069 Habere
367 2026 561 2084 quisquis
578 2034 699 2083 parte
717 2025 815 2083 plus
834 2026 987 2083 quaerit
1008 2042 1110 2077 suae,

118 2100 190 2142 Nil
211 2100 281 2142 ille
294 2100 400 2158 justi
420 2099 591 2158 cogitat,
613 2099 674 2142 nil
692 2099 868 2157 expetit,

118 2173 229 2215 Urbi
248 2182 376 2230 atque
394 2172 537 2216 amieis
555 2172 712 2230 pariter
730 2172 992 2215 insociabilis.

615 2258 656 2301 3.
678 2245 950 2302 Sos’qzhanes.

173 2319 193 2348 d
207 2319 246 2360 O
266 2333 401 2376 pauca
419 2318 536 2370 felix,
555 2317 692 2360 multa
708 2317 994 2359 miserandum
1011 2332 1160 2374 genus,

118 2392 338 2443 Homines,
359 2392 464 2449 quid
483 2391 554 2435 illa
572 2392 748 2449 imperia
767 2407 841 2434 vos
860 2391 1045 2434 reddunt
1063 2392 1188 2442 feros,

117 2466 225 2516 Quae
245 2480 356 2522 saepe
375 2464 625 2516 donat-una,
645 2478 757 2522 soepe
776 2465 916 2507 aufert
935 2464 1049 2507 dies?

116 2538 162 2580 Si
180 2537 330 2579 faverit
349 2537 532 2588 fortuna,
553 2551 651 2579 cum
670 2537 759 2579 sitis
777 2537 897 2589 nihil,

117 2611 235 2653 caelo
253 2611 402 2653 levatis
420 2611 582 2669 capita:
616 2625 692 2653 nee
711 2610 766 2652 de
784 2610 979 2667 proximo

120 2685 344 2742 Respicitis
365 2685 539 2737 Orcum,
560 2699 691 2742 regna
708 2684 784 2741 qui
804 2684 848 2726 in
867 2699 987 2741 reges
1004 2684 1144 2726 habet.

602 2844 618 2866 δ
634 2844 733 2876 Refer
747 2845 790 2876 ad
805 2845 876 2876 Tit.
893 2844 964 2876 CV.

807 2916 833 2943 F
855 2914 878 2943 2
