1780 3178
349 265 436 316 264
755 260 1012 304 IOANNIS
1046 259 1291 304 STOBAEI

754 387 792 430 7.
815 376 1057 418 Menander
1079 373 1294 434 Olynthia.

409 452 547 502 Quam
567 465 667 492 vero
685 450 879 507 iniquum
898 459 976 501 est,
997 465 1095 492 cum
1115 449 1220 507 quid
1238 448 1411 492 molitur
1429 446 1530 490 boni

351 524 530 576 Natura,
552 532 644 566 tum
666 525 900 565 Fortunam
919 522 964 564 id
982 522 1273 564 intel-vortere!

930 595 968 637 8.
991 596 1123 638 Idem.

410 668 576 711 Multos
589 669 678 726 jam
699 669 785 711 vidi
807 684 914 726 quos
934 668 1064 711 malos
1084 669 1303 711 necessitas

353 742 500 785 Finxit
518 742 706 795 miseriis,
727 758 825 786 cum
846 759 932 786 non
952 752 1088 786 essent
1107 743 1312 801 ejusmodi

356 818 516 874 Suopte
533 816 714 875 ingenio.
744 873 755 877 -

762 941 1064 990 TITULUS
1099 941 1288 990 CVIII.

375 1039 630 1078 EVENTUS
657 1041 859 1079 RERUM
885 1041 1163 1080 FORTITER
1190 1041 1355 1080 NOBIS
1384 1040 1674 1079 FERENDOS

478 1110 620 1155 ESSE,
639 1111 713 1148 UT
732 1111 831 1152 QUI
851 1111 1106 1151 HOMINES
1127 1112 1290 1162 SIMUS
1311 1093 1381 1149 ΕΤ
1399 1111 1574 1149 VlTAM

534 1181 843 1226 SECUNDUM
867 1182 1159 1220 VIRTUTEM
1186 1181 1518 1220 INSTITUERE

872 1252 1185 1290 DEBEAMUS.

794 1341 828 1368 1.
851 1328 1071 1370 Philemon
1091 1329 1262 1381 Sardio.

418 1398 626 1441 Lamenta
645 1400 795 1442 nostris
816 1401 849 1443 si
867 1401 1136 1444 mederentur
1154 1401 1288 1454 malis,

359 1473 420 1514 Et
438 1483 608 1529 possent
626 1473 730 1515 fletu
749 1473 913 1516 deliniri
933 1474 1123 1528 miseriae,

359 1548 484 1588 Auro
503 1546 674 1590 licerent
692 1557 837 1590 contra
855 1558 897 1591 et
915 1549 1050 1606 pluris
1067 1549 1305 1608 lachrymae.

359 1622 403 1663 N
407 1636 488 1663 unc
507 1637 592 1664 non
611 1623 791 1665 attendit
809 1623 972 1666 luctum
991 1639 1070 1677 res,
1092 1639 1169 1667 nec
1188 1625 1376 1684 respicit:

361 1694 446 1736 Sed
464 1694 602 1752 plores
622 1711 694 1737 seu
714 1711 799 1738 non
818 1696 969 1754 plores,
991 1696 1144 1740 insistit
1160 1697 1284 1740 viam.

361 1768 476 1820 Quid
495 1768 686 1826 proficis?
715 1784 792 1811 nec
811 1769 962 1813 hilum.
1013 1773 1078 1814 At
1096 1771 1255 1814 interea
1274 1781 1414 1816 tamen

362 1843 425 1885 Ut
443 1843 569 1886 arbor
587 1859 727 1902 poma,
750 1844 807 1887 sic
827 1844 947 1887 dolor
966 1845 1201 1904 lachrymas
1219 1847 1342 1905 parit.

942 1931 980 1963 2.
1003 1919 1134 1961 Idem.

420 1992 520 2049 Ego
539 1991 594 2033 ob
614 2007 680 2034 res
698 1992 797 2035 istas
816 1992 938 2035 doleo
957 1993 1224 2036 vehementer
1243 1994 1430 2052 quidem,

365 2065 449 2108 Sed
468 2081 556 2123 prae
577 2066 719 2108 dolore
739 2083 882 2124 sapere
903 2082 987 2109 non
1006 2083 1121 2110 cesso
1138 2077 1294 2110 tament

365 2142 463 2182 Hoc
483 2149 545 2182 est
565 2140 678 2197 quod
700 2156 768 2182 me
786 2141 998 2182 hominem
1017 2150 1202 2198 praestat,
1224 2141 1305 2184 hoc
1324 2157 1391 2184 me
1411 2143 1595 2201 sospitat.

757 2228 797 2271 3.
819 2215 1056 2272 Euripides
1075 2215 1308 2274 Antigona.

422 2287 590 2329 Laxare
608 2287 792 2330 habenas
811 2303 935 2345 parce
955 2288 1148 2341 tristitiae,
1169 2304 1328 2332 memor

367 2362 488 2418 Saepe
508 2377 560 2403 ex
581 2361 724 2404 dolore
741 2362 946 2419 gaudium
967 2363 1213 2405 mortalibus

365 2435 426 2476 Et
447 2449 499 2475 ex
520 2434 726 2477 maiorum
747 2445 885 2493 segete
904 2435 1100 2493 progigni
1120 2436 1243 2479 bona.

542 2560 546 2563 Π
880 2522 920 2563 4.
945 2510 1196 2552 Charemon.

424 2581 495 2623 Ex
514 2597 559 2623 re
576 2581 743 2639 pusilla,
766 2583 839 2639 qui
861 2583 982 2641 sapit,
1004 2599 1221 2641 nunquam
1242 2584 1366 2627 dolet.

882 2669 922 2713 5.
945 2659 1197 2700 illenander.

426 2728 545 2770 Forti
565 2729 704 2772 animo
723 2730 831 2772 ferre
851 2730 1031 2772 foftunae
1051 2730 1161 2774 aude
1180 2731 1414 2774 amentiam.
