1780 3178
466 263 931 307 FLORILEGIUM.
961 263 1063 306 Trr.
1090 263 1187 307 108.

733 379 773 420 6.
795 378 926 420 Idem.

216 451 315 494 Non
334 449 474 493 minus
490 450 666 493 adversa
683 450 849 494 fortiter
867 466 996 508 quam
1015 465 1217 510 prospera

160 524 361 568 Tolerare
379 524 505 568 debet
523 525 688 568 animus
707 541 806 568 vere
823 525 986 568 nobssis.

563 611 601 655 7.
618 599 839 642 Philemon
859 599 1093 642 Corinthia.

219 673 265 716 Si
283 673 394 716 mala
412 673 609 726 novisses,
629 689 728 731 quae
745 672 848 716 alios
866 673 1089 732 implicitos
1108 682 1267 728 tenent,

160 746 321 790 Libens
339 747 527 800 haberes,
549 747 787 805 Nicophon‚
807 763 905 805 quae
923 763 1036 791 nunc
1054 748 1196 800 habes.

478 820 518 863 8.
539 821 658 863 Idem
677 821 876 879 Paupere
892 821 983 863 sive
1002 821 1187 864 Rhodia.

220 893 494 937 Moriendum
514 893 548 936 si
566 902 673 936 esset
691 893 887 936 omnibus
905 893 981 952 qui
998 893 1084 941 non
1102 894 1260 938 habent

162 967 289 1022 Quod
306 967 472 1011 animus
489 976 623 1026 optat,
643 975 750 1013 esset
767 966 1033 1010 moriendum
1051 967 1259 1011 omnibus.

587 1055 627 1097 9.
648 1040 855 1099 Diphilus
871 1041 1087 1099 Adelphis.

223 1115 300 1158 Vir
316 1115 441 1168 bone,
462 1115 647 1158 miserias
665 1115 778 1159 disce
795 1115 982 1158 mortalis
995 1116 1099 1174 pati,

165 1190 232 1232 Ut
250 1189 367 1247 quod
385 1203 549 1231 necesse
568 1197 644 1241 est,
665 1197 708 1231 et
726 1203 813 1231 non
831 1188 957 1242 ultra,
978 1188 1033 1231 sis
1051 1189 1198 1232 miser:

166 1264 259 1307 Nec
277 1262 388 1307 mala
399 1263 596 1322 jumento
631 1262 779 1306 ibimet
796 1278 980 1306 accersas
998 1272 1086 1306 tuo.

499 1350 564 1380 10.
587 1337 855 1395 Phibippides
873 1338 1178 1396 Philadesphis.

228 1411 361 1462 Here,
383 1409 416 1452 si
436 1425 522 1467 qua
539 1409 616 1452 tibi
635 1424 826 1466 unquam
843 1408 1055 1452 calamitas
1068 1411 1254 1454 evenerit

171 1483 301 1525 Feres
318 1482 482 1525 facilius
500 1482 601 1525 dicti
619 1497 780 1524 memor
797 1481 1041 1539 Euripidis:

172 1555 295 1598 Felix
314 1556 369 1598 ab
387 1554 502 1598 omni
518 1562 639 1613 parte
658 1569 782 1597 nemo
799 1569 981 1612 usquam
998 1563 1062 1598 est
1079 1555 1232 1599 homo:

171 1631 286 1674 Tum
304 1646 404 1673 vero
423 1646 447 1673 e
465 1629 610 1673 multis
627 1645 715 1672 esse
733 1638 778 1672 te
795 1645 929 1672 unum
949 1629 1152 1674 existima.

415 1695 421 1700 '
544 1718 563 1747 1
573 1718 610 1747 1.
631 1705 871 1763 Euripides
889 1706 1145 1763 Hypsipyle.

231 1778 419 1821 Adverte
436 1777 555 1836 quod
573 1787 615 1820 te
634 1777 786 1820 mulier
802 1778 1059 1820 admonitam
1078 1778 1175 1821 volo
1186 1795 1199 1821 ε

176 1851 352 1895 Cunctis
370 1851 610 1894 hominibus
627 1850 760 1893 haeret
777 1850 971 1892 assiduus
988 1849 1124 1902 labor,

178 1927 362 1985 Sepelire
378 1927 555 1985 prolem,
571 1941 761 1984 quaerere
777 1926 932 1969 iterum
950 1925 1117 1978 liberos,

176 2000 368 2043 Tandem
386 2000 566 2043 interire.
618 1999 817 2043 Graviter
834 2000 911 2042 has
929 1999 1079 2042 tolerat
1096 1999 1209 2043 vices

179 2073 429 2116 Mortalium
447 2089 574 2132 gens:
606 2082 791 2116 attamen
809 2072 946 2115 fatum
958 2073 1099 2130 jubet,

179 2149 246 2191 Ut
263 2148 388 2206 plena
407 2147 558 2206 segetis
575 2163 690 2200 arva,
711 2147 769 2189 sic
783 2147 913 2190 vitam
932 2147 1053 2196 meti;

181 2223 247 2265 Ut
265 2222 334 2265 hic
353 2221 420 2274 sit,
440 2221 510 2264 ille
528 2237 613 2264 non
633 2221 697 2264 sit.
749 2223 859 2264 Haec
877 2236 1080 2279 quorsum
1098 2220 1247 2263 attinet

182 2298 367 2355 Lugere,
389 2313 487 2355 quae
507 2298 673 2339 Natura
691 2311 768 2338 nos
785 2296 899 2353 cogit
916 2295 1030 2353 pati?

182 2371 396 2430 Quicquid
414 2386 579 2414 necesse
597 2379 660 2413 est
677 2371 787 2412 ferre
806 2385 883 2413 nec
899 2369 1142 2413 habendum
1161 2385 1290 2428 grave
1308 2377 1385 2412 est.

537 2457 601 2487 12.
622 2445 741 2487 Idem
761 2445 948 2486 Hercule
968 2445 1169 2486 Furente.

242 2518 495 2576 Quicunque
514 2518 645 2561 nescit
662 2533 816 2575 genere
834 2517 999 2560 mortali
1019 2526 1134 2560 satus

188 2594 286 2644 Quo
304 2591 412 2634 ferre
430 2591 618 2649 iniquam
639 2591 789 2650 debeat
808 2599 961 2633 sortem
980 2589 1120 2642 modo,

189 2666 279 2708 Nec
299 2665 382 2707 tela
398 2665 508 2708 ferat
526 2665 595 2707 hic
615 2664 763 2707 stantis
780 2663 1009 2706 advorsum
1028 2663 1120 2705 viri.

634 2752 698 2796 13.
722 2739 839 2780 Idem
859 2738 1093 2795 Antigona.

254 2812 504 2870 Quicunque
524 2829 643 2856 casus
662 2822 789 2870 atque
808 2813 987 2854 fortunae
1010 2811 1117 2852 vices

1411 264 1494 320 265
