1780 3178
472 310 941 355 FLORILEGIUM.
973 313 1079 355 Trr.
1102 314 1169 371 98.
1419 328 1501 373 243

225 423 419 467 Litibus:
451 424 602 468 insedit
621 424 813 468 morbida
830 441 932 469 cura
951 426 1109 470 domos.

165 496 286 539 Rure
305 496 423 540 labor
442 497 616 549 multus,
636 497 882 556 multusque
900 497 945 540 in
961 498 1162 542 fluctibus
1178 500 1336 544 horror.

223 570 308 622 Qui
328 571 494 629 peregri
514 571 677 623 vivunt,
699 571 764 614 his
783 580 826 614 et
845 572 999 615 habere
1018 583 1169 626 metus,

166 645 228 687 Et
246 660 323 687 nec
342 645 496 688 habere
514 645 647 689 dolor.
699 638 818 689 Tum
837 647 966 690 ducta
984 648 1165 706 conjuge
1184 665 1347 708 semper

222 718 416 762 Anxius:
448 719 493 761 in
512 719 600 762 vita
618 719 777 772 caelibe,
800 720 913 763 solus
932 721 1024 764 eris.

166 791 252 844 Qui
271 801 391 850 pater
410 802 473 836 ast
493 793 670 851 satagit:
702 793 807 836 vivit
825 808 910 836 non
929 794 1113 837 suaviter
1132 795 1272 838 orbus.

223 866 348 909 AEtas
366 875 429 910 est
441 867 651 925 juvenum
671 865 815 921 stulta,
834 867 947 910 vieta
965 883 1124 911 senum.
1222 923 1228 929 .

165 939 239 982 Nil
255 940 387 998 igitur
404 941 547 994 satius,
568 957 695 999 quam
717 957 936 1000 nunquam
953 957 1121 985 eernere
1139 942 1298 986 lucem:

223 1015 301 1057 Vel
320 1015 446 1058 modo
464 1025 684 1074 conspecta
702 1016 796 1059 luce
814 1025 985 1074 repente
1004 1017 1122 1059 mori.
1180 1067 1188 1073 ᾖ

719 1090 951 1133 Lucianus.

165 1162 320 1205 Omnia
338 1163 503 1206 mortali
521 1163 737 1206 mortalia:
767 1174 1026 1222 praetereunt
1045 1180 1126 1217 res,

224 1237 320 1279 Aut
338 1235 466 1278 homo
483 1251 550 1278 res
569 1236 658 1279 vita
675 1245 957 1294 praetereunte
975 1238 1099 1296 fugit.
1115 1231 1117 1233 ¹

453 1309 668 1352 Padadas.
692 1308 890 1366 [Anthol.
912 1310 1001 1353 Pal.
1024 1312 1085 1353 X.
1104 1311 1200 1368 58.]

168 1380 324 1424 Nudus
342 1382 387 1424 in
404 1381 513 1425 hanc
529 1383 625 1425 veni
644 1382 861 1426 tellurem:
893 1384 1035 1426 nudus
1054 1384 1202 1427 abibo:

206 1455 344 1518 'Quid
363 1465 507 1514 satago
521 1456 686 1499 nudum
705 1465 830 1500 natus
848 1457 904 1500 ad
923 1457 1125 1500 exitium?

204 1519 207 1523 ’
509 1530 640 1573 Idem.
664 1531 861 1587 [Anthol.
882 1531 972 1574 Pal.
995 1532 1056 1574 x.
1079 1532 1170 1590 65·]

169 1602 399 1661 Navigium
419 1603 505 1646 vita
522 1613 599 1656 est,
620 1620 718 1662 quae
737 1604 1053 1663 tempestatibus
1071 1603 1184 1647 actos

226 1676 462 1734 Naufragio
480 1677 593 1735 oogit
612 1693 698 1720 non
715 1678 872 1721 leviora
884 1678 985 1737 pati.

168 1748 360 1792 Fortuna
378 1750 543 1793 clavum
562 1753 805 1795 moderante
827 1752 1019 1795 volubilis
1037 1753 1132 1803 aevi,

226 1823 444 1875 Erramus,
466 1823 597 1867 veluti
616 1839 694 1882 per
711 1824 822 1867 vada
839 1834 958 1867 vasta
976 1825 1114 1867 maris.

168 1897 286 1937 Aura
303 1896 448 1938 favens
466 1896 571 1949 aliis,
592 1897 683 1940 aliis
701 1897 920 1940 contraria.
973 1899 1129 1940 Portus

226 1971 352 2012 Unus
370 1971 450 2014 erit
467 1971 628 2014 cunctis
646 1971 829 2030 denique
847 1972 994 2014 subter
1011 1972 1202 2014 humum.

497 2045 628 2086 Idem.
650 2044 849 2102 [Anthol.
871 2044 965 2087 Pal.
986 2046 1047 2087 X.
1070 2047 1158 2100 72.]

171 2116 270 2159 Vita
288 2115 405 2168 nihil,
426 2116 504 2159 nisi
524 2133 590 2160 res
608 2127 670 2160 aet
688 2117 862 2160 ludicra.
914 2118 1086 2161 Ludere
1103 2118 1215 2161 disce

228 2189 442 2247 Depositis
459 2190 584 2243 curis,
605 2201 680 2234 aut
699 2190 809 2233 mala
826 2178 962 2233 multa
981 2191 1079 2249 pati.

497 2265 637 2305 Idem.
664 2263 861 2320 [Anthol.
882 2263 975 2306 Pal.
995 2265 1056 2305 X.
1078 2265 1169 2320 73.]

171 2335 216 2378 Si
236 2350 362 2393 quem
381 2336 468 2378 fors
486 2345 585 2393 agat
603 2345 730 2393 atque
748 2335 871 2388 ferat,
890 2336 999 2378 ferat
1017 2345 1145 2393 atque
1163 2337 1346 2379 feratur:

229 2409 287 2451 Ni
306 2409 429 2461 ferat,
451 2419 493 2452 et
512 2410 619 2452 feret
636 2410 751 2452 hunc
770 2410 856 2452 fors
875 2410 1022 2468 magis,
1042 2420 1085 2453 et
1103 2411 1238 2454 feriet.

508 2485 640 2526 Idem.
663 2483 860 2539 [Anthol.
883 2484 973 2526 Pal.
996 2485 1058 2527 X.
1081 2485 1168 2540 81.]
1206 2486 1209 2488 ’

173 2557 385 2599 Nascebar
403 2556 688 2614 lachrymans:
718 2556 935 2615 lachryme
953 2556 1204 2600 moriturus:
1237 2568 1278 2600 et
1298 2558 1340 2599 in
1362 2566 1402 2600 te

231 2630 333 2670 Heu
354 2628 457 2670 nihil
475 2628 630 2680 inveni,
651 2628 752 2681 vita,
773 2629 851 2670 nisi
870 2629 1114 2688 lachrymas.

567 2703 701 2745 Idem.
723 2702 919 2759 [Anthol.
938 2703 1030 2750 Pal.
1044 2704 1124 2762 ib.]

174 2774 396 2816 Infirmum
416 2783 478 2816 est
496 2774 712 2817 hominum
732 2791 866 2833 genus
885 2787 926 2818 et
946 2776 1191 2828 miserabile,
1212 2786 1379 2833 raptum

233 2847 358 2898 Quod
378 2848 522 2890 subter
540 2857 691 2890 terram
711 2849 886 2891 solvitur
903 2849 947 2891 in
966 2850 1132 2892 cineres.

837 2937 863 2963 a
887 2935 911 2965 2
