1780 3178
394 256 854 301 FLomLEGmM.
884 258 987 302 τη.
1007 261 1075 314 76-

76 371 327 424 Vivendum,
347 381 423 415 aut
441 371 582 416 sobole
600 381 723 415 enata
740 371 1003 415 moriendum
1023 373 1143 430 patri.

75 447 201 491 Adeo
218 456 281 491 est
298 448 495 492 aoerbum
514 447 718 506 quiequid
736 456 799 491 est
814 447 913 490 vitae
932 462 1068 505 super.

491 521 777 580 5.ι8’φ1ιοείεε
796 521 981 563 Electra.

132 593 338 638 Genuisse
355 594 553 638 miserum
572 603 656 637 est:
689 608 787 636 nam
806 608 882 636 nec
901 592 1037 636 affecti
1056 592 1175 635 malis
1211 630 1217 637 .

74 663 223 709 Odisse
242 675 384 710 nostro
403 683 625 726 possumus
643 676 776 710 cretos
795 675 900 709 satu.

491 742 529 784 6.
551 742 768 784 Homerus
790 740 988 798 Odyssea.

131 814 229 856 Hoc
247 829 314 857 me
333 823 466 857 mater
484 815 543 857 ait
562 822 709 857 natum
729 822 873 872 patre:
906 812 966 855 nil
985 828 1064 871 ego
1083 813 1183 855 certi

73 886 318 930 Affirmem:
350 886 655 944 generis'nemo
674 886 752 930 sibi
771 885 959 929 conscius
977 886 1066 943 ipse
1084 889 1157 929 est.

586 970 624 1015 7.
646 960 898 1002 *umr-

131 1035 274 1076 Mater
292 1033 475 1076 tenerius
492 1032 645 1076 liberos
663 1032 832 1075 adamat
850 1042 982 1090 patre.

74 1106 185 1158 Quia
202 1114 336 1149 mater
353 1122 441 1149 esse
460 1106 536 1149 scit
555 1121 666 1155 suos,
685 1114 806 1163 pater
824 1114 1028 1158 autumat.

474 1179 512 1221 8.
534 1180 654 1222 Idem
674 1180 1002 1222 Praeacmaewnte.

132 1253 301 1295 Patrem
320 1254 458 1295 vocari
477 1253 653 1296 liberam
672 1261 878 1311 quantum
899 1261 962 1295 est
979 1251 1131 1304 metus,

74 1323 292 1382 Dolorque
311 1334 354 1375 et
372 1323 594 1382 aegritudo,
615 1324 702 1366 sine
720 1325 804 1366 fine
823 1339 871 1366 ae
889 1324 1028 1366 modo.

514 1410 554 1453 9.
574 1397 796 1455 Sqwhocles
814 1396 970 1439 Aleasi.

130 1467 253 1510 Tace.
306 1466 419 1509 Mihi
433 1466 511 1509 illo
528 1475 647 1524 patre
665 1466 822 1509 censeri
841 1474 904 1508 sat
923 1474 1011 1508 est:

75 1540 172 1583 Sive
189 1540 259 1583 ille
277 1549 397 1598 pater
415 1548 492 1590 est,
513 1554 587 1581 seu
607 1538 761 1589 minus,
781 1538 908 1580 refert
926 1537 1042 1580 nihil.

74 1616 163 1658 Res
181 1615 339 1658 credita
358 1625 400 1658 et
419 1623 585 1672 recepta
601 1613 699 1671 plus
716 1628 816 1656 vero
834 1613 956 1655 valet.

437 1701 502 1730 10.
523 1687 760 1745 Euripides
780 1687 1046 1744 Mehmiqspa.

130 1763 292 1804 Amens
310 1770 353 1804 et
371 1776 530 1812 excors,
549 1759 667 1818 prole
685 1758 760 1817 qui
779 1758 950 1816 propria
967 1771 1110 1800 carens

74 1833 229 1876 Aliena
246 1833 391 1876 domui
410 1832 588 1890 pignora
604 1830 795 1873 adsciscit
813 1845 916 1882 suae,

74 1906 268 1949 Arbitria
283 1905 361 1948 fati
379 1920 495 1947 more
513 1912 755 1961 pervertens
768 1902 890 1945 malo.

75 1978 159 2021 Cui
178 1978 303 2035 stirps
321 1986 473 2035 negata
490 1975 662 2018 numine
680 1983 743 2018 est
762 1974 1004 2025 caelestium,
1077 1977 1082 1982 '

76 2051 278 2094 Tolerare
295 2049 436 2100 debet,
455 2063 540 2090 non
560 2048 676 2089 Deos
693 2047 905 2089 incessere.
935 2069 938 2073 -

479 2133 497 2161 1
508 2132 542 2162 1.
564 2120 804 2166 Menander
817 2119 1006 2162 Poenulo.

133 2196 271 2237 Nemo
290 2194 378 2251 ipse
397 2191 515 2234 novit
532 2207 620 2248 quo
638 2191 693 2234 sit
711 2200 883 2234 exortus
901 2199 1007 2233 satu.

363 2267 570 2308 Incertus.
589 2262 786 2320 [Anthol.
804 2263 900 2306 Pal.
923 2264 984 2305 X.
1005 2263 1121 2320 124]

79 2342 197 2383 Cura
212 2339 366 2398 graviS,
386 2338 498 2382 nati:
530 2338 619 2380 fato
637 2336 840 2395 rapiente,
860 2335 1046 2379 dolores:

136 2413 263 2465 Quod
280 2413 315 2456 si
333 2413 420 2456 vita
437 2421 593 2464 manet,
615 2411 672 2454 sic
690 2425 862 2468 quoque
881 2425 983 2452 cura
999 2408 1149 2467 gravis.

0 2506 1 2513 ¹
82 2487 127 2530 Si
145 2487 257 2530 bona
274 2486 494 2543 eontigerit
510 2485 709 2542 conjunx,
729 2483 933 2527 nonnulla
949 2483 1167 2541 voluptas:

141 2559 214 2603 Sin
233 2559 357 2610 mala,
377 2558 494 2601 nulla
511 2558 603 2607 vito
621 2557 716 2600 finis
734 2555 946 2599 amaritiae.

457 2643 521 2675 12.
542 2631 781 2688 Euripi-des
799 2629 1046 2672 Erechtheo.

140 2705 271 2762 Stirpi
288 2703 464 2746 insitivae
482 2703 601 2746 nulla
618 2703 692 2746 vis.
742 2701 1016 2746 praestantius

84 2777 188 2819 Satu
207 2777 353 2819 datum
372 2790 499 2833 quam
518 2775 611 2831 lege
629 2775 850 2818 mentitum
866 2788 1011 2830 genus.

771 2861 798 2887 o
820 2859 843 2889 2

1324 269 1401 316 ¹95
