1780 3178
262 167 347 222 348

267 283 304 322 ἐν
323 282 426 337 ἀρχῇ
449 277 513 319 ἔων
532 279 605 332 46,
625 292 697 335 34.

268 341 303 379 ἓν
321 341 399 394 γάρ
421 335 601 393 φρονίμοις
626 349 666 389 1,
678 350 745 393 94.

267 398 303 437 ἐν
322 398 371 452 γῇ
391 394 559 436 πένεσθαι
579 406 653 450 59,
672 405 742 451 15.

267 456 302 494 ἐν
322 454 359 494 δὲ
380 451 482 505 θέμεν
503 460 573 507 73,
588 463 663 507 50.

267 513 303 552 ἐν
322 511 358 551 δὲ
378 509 529 561 Θήβαις
548 509 622 562 46,
641 510 713 552 26.

268 570 303 609 ἐν
322 568 359 609 83
375 571 428 623 τῷ
448 565 654 622 ἀνθρωπίνῳ
673 580 717 622 9,
735 580 808 623 39.

267 628 303 667 ἐν
322 625 358 666 δὲ
376 627 428 680 τῷ
447 642 489 664 π.
511 632 585 678 51,
599 636 674 679 30.

267 686 303 725 ἐν
321 683 356 723 δὲ
375 685 428 737 τῷ
448 682 527 737 περὶ
550 689 621 736 75,
641 694 708 735 14.

265 743 302 782 ἐν
322 741 361 787 δὴ
380 741 462 787 ταῖς
483 739 555 790 61,
574 747 616 792 7.

265 802 300 840 ἐν
321 796 408 846 Διός
432 807 530 851 103,
556 808 622 838 10.

266 858 302 897 ἐν
323 855 463 911 ἑκάστῃ
488 866 584 906 101,
602 863 666 909 17.

265 915 301 955 ἐν
320 911 466 953 ἐλπίσιν
486 924 502 952 1
514 923 584 962 10,
596 924 640 967 3.

265 973 301 1012 ἐν
320 969 498 1026 Εὐφράτῃ
526 980 622 1021 100,
644 981 660 1010 1
673 981 707 1010 1.

266 1031 302 1070 ἐν
320 1027 425 1084 Ἰλίῳ
447 1037 490 1081 7,
503 1035 574 1082 52.

266 1089 302 1128 ἐν
319 1086 421 1141 Ἰνδῷ
444 1096 542 1136 100,
561 1095 631 1127 20.

265 1146 300 1186 ἐν
319 1142 386 1196 μὲν
400 1126 556 1198 πολέμῳ
578 1141 733 1193 81,12.

265 1204 300 1243 ἐν
321 1200 390 1254 μὲν
413 1201 497 1248 ταῖς
516 1183 642 1252 μέθαις
660 1211 706 1252 4,
721 1210 794 1254 59.

265 1261 302 1299 ἐν
322 1257 389 1310 μὲν
407 1259 482 1305 τοῖς
500 1273 589 1297 ταπ.
606 1257 680 1309 46,
697 1268 791 1299 102.

265 1318 300 1357 ἐν
316 1314 384 1368 μὲν
404 1315 458 1370 τῷ
477 1316 683 1356 καταπλεῖν
701 1326 747 1370 3,
760 1326 800 1366 4.
871 1317 874 1320 ’

264 1375 300 1414 ἐν
315 1371 415 1446 μόνῃ
422 1373 499 1427 γὰρ
519 1383 593 1427 43,
606 1371 699 1413 108.

265 1433 302 1472 ἐν
322 1427 415 1478 οἷς
389 1446 433 1470 αν
453 1441 551 1482 104,
569 1430 608 1470 6.

265 1490 300 1529 ἐν
320 1503 390 1543 ορει
417 1498 513 1536 100,
530 1498 595 1529 12.

263 1549 298 1587 ἐν
314 1543 538 1592 Παιδαλίοις
559 1556 602 1599 9,
615 1556 686 1599 52.

265 1604 300 1644 ἐν
320 1619 430 1643 παντι
451 1602 503 1642 δεῖ
521 1614 564 1656 9,
586 1613 649 1644 12.

264 1664 300 1703 ἐν
319 1658 425 1716 πενία
445 1670 516 1714 97,
534 1670 600 1701 20.

264 1720 300 1759 ἐν
320 1701 494 1788 Πέρσαις
510 1725 554 1771 5,
570 1715 638 1757 88.

263 1778 300 1816 ἐν
319 1774 423 1816 πόλει
444 1773 537 1828 μήτε
556 1782 629 1829 45,
645 1773 711 1816 26.

256 1836 300 1875 ’ἐν
317 1832 401 1886 πυρὶ
421 1831 488 1885 μὲν
513 1831 582 1882 18,
601 1832 668 1872 16.

264 1893 300 1931 ἐν
316 1889 440 1945 Ῥώμῃ
463 1890 505 1940 6,
527 1888 598 1945 58.

263 1949 299 1989 ἐν
318 1946 528 2017 συμποσίῳ
530 1955 574 2002 5,
591 1954 662 2000 75.

261 2008 298 2047 ἐν
318 2022 401 2052 ταις
421 2003 616 2045 ἑστιάσεσι
635 2011 680 2058 5,
693 2002 764 2057 96.

261 2065 297 2104 ἐν
316 2064 361 2117 τῇ
384 2061 542 2118 Σπάρτῃ
558 2072 632 2113 44,
646 2071 716 2115 32.

263 2123 299 2162 ἐν
317 2104 466 2173 Τίγριδι
492 2130 589 2169 100,
609 2130 672 2172 19.

264 2181 299 2219 ἐν
317 2192 392 2224 τοις
414 2191 561 2216 κακοισι
583 2187 652 2226 20,
667 2186 740 2227 40.

265 2237 301 2276 ἐν
322 2250 396 2281 τοις
416 2231 604 2286 πολεμίοις
599 2242 733 2330 857,3

262 2294 298 2334 ἐν
316 2308 391 2339 τοις
410 2290 548 2339 τέκνοις
569 2289 640 2341 88,
658 2300 702 2345 5.

262 2351 298 2390 ἔν
319 2366 394 2397 τοις
413 2346 585 2396 τοιούτοις
604 2360 674 2402 91,
689 2348 730 2388 6.

263 2409 300 2448 ἐν
318 2422 414 2448 τοισι
435 2421 567 2460 μωροις
586 2416 699 2460 43,2

262 2467 299 2507 ἐν
317 2463 567 2534 Τραπεζοῦντι
591 2474 687 2514 100,
705 2474 772 2517 31.

262 2523 298 2563 ἐν
318 2524 371 2576 τῷ
391 2519 462 2575 βίῳ
488 2530 583 2570 121,
600 2532 668 2575 39.

261 2581 298 2620 ἐν
317 2579 408 2633 τῷδε
427 2580 504 2633 γὰρ
520 2589 593 2632 43,
616 2589 678 2633 19.

260 2638 297 2678 ἐν
318 2634 421 2691 φύλῳ
442 2634 597 2685 86,12.

263 2695 300 2734 ἐν
310 2690 506 2748 Χαιρωνὲ
493 2708 532 2746 ιᾳ
553 2702 623 2742 21,
638 2690 680 2732 6.

188 2766 193 2768 ’
260 2750 299 2792 ἓν
318 2749 396 2820 γάρ
417 2766 452 2790 τι
472 2764 548 2795 τοις
569 2748 642 2798 62,
659 2747 725 2791 26.

260 2807 298 2848 εν
318 2805 355 2847 δέ
376 2821 434 2846 σοι
456 2813 498 2858 7,
512 2815 555 2859 5.

258 2864 296 2906 ἓν
317 2864 353 2904 83
373 2863 414 2903 τὸ
436 2861 528 2903 κάλ.
551 2862 623 2917 98,
639 2874 708 2918 29.

260 2921 301 2963 ἓν
318 2920 455 2977 ὀνάριον
471 2930 545 2974 57,
561 2930 598 2962 2.

877 164 1120 208 INDEX

1036 278 1128 321 ἔνδον
1147 278 1329 333 μένουσαν
1352 289 1424 333 74,
1443 291 1510 323 12.

1035 335 1152 392 ἔνεγκ’
1170 335 1335 393 ἀτυχίαν
1359 335 1458 389 108,
1469 349 1542 394 31.
1586 362 1592 369 ·

1035 393 1144 436 ἔνεστ’
1165 395 1294 445 ἀληθὲς
1313 397 1385 448 67,
1402 407 1444 450 9.

1035 451 1151 493 ἔνεστι
1173 451 1251 523 γάρ
1271 468 1326 500 τις
1351 464 1448 508 113,
1465 463 1530 495 12.

1035 508 1152 550 ἔνεστι
1171 525 1318 550 παντων
1337 521 1411 565 99,
1427 509 1467 551 8.

1035 565 1097 608 ἔνθ’
1118 565 1261 620 ἀνέμων
1275 575 1349 622 59,
1362 579 1430 609 10.

1035 621 1116 665 ἔνθα
1135 627 1212 679 γὰρ
1234 624 1400 679 48,19.

1035 679 1115 723 ἔνθα
1134 681 1212 738 γάρ
1232 698 1268 722 τι
1292 693 1359 733 12,
1377 693 1445 738 23.

1036 736 1116 780 ἔνθα
1135 739 1176 779 τὸ
1198 739 1259 789 ἡδὺ
1280 739 1321 788 6,
1336 750 1378 791 7.

1035 795 1180 849 ἐνθύμου
1201 797 1237 837 δὲ
1258 797 1323 837 καὶ
1341 795 1528 851 46,105.

1035 851 1115 894 ἔνιοι
1137 854 1259 904 θνητῆς
1280 865 1376 905 120,
1388 866 1463 897 20.-

1035 908 1115 952 ἔνιοι
1134 909 1273 952 πολίων
1293 910 1338 962 6,
1358 923 1426 966 11..

1033 968 1222 1019 ἐννοήσατε
1243 970 1320 1024 γὰρ
1336 979 1410 1023 43,
1423 970 1520 1021 148.

1033 1026 1135 1068 ἐννοῶ
1154 1028 1231 1083 γὰρ
1250 1025 1324 1079 46,
1338 1038 1407 1081 93.

1034 1083 1169 1125 ἐνταῦθ’
1189 1085 1276 1138 ἀνὴρ
1303 1083 1402 1133 108,
1418 1094 1492 1138 37.

1034 1141 1189 1182 ἐνταῦθα
1209 1139 1333 1194 μέντοι
1349 1151 1394 1192 4,
1406 1149 1479 1196 37.

1033 1197 1195 1253 ἐντυχὼν
1213 1199 1250 1239 δὲ
1268 1209 1342 1253 54,
1358 1198 1424 1240 28.

1031 1255 1111 1306 ὲξ”
1091 1272 1205 1312 εργων
1224 1256 1252 1296 δ’
1269 1267 1392 1311 29,3.

1033 1310 1172 1364 ἔξεστιν
1194 1314 1233 1354 οὐ
1255 1311 1366 1368 83,2
1342 1307 1442 1355 26.

1033 1369 1182 1424 ἐξέταζε
1204 1371 1341 1412 σαυτὸν
1359 1379 1404 1426 5,
1419 1369 1490 1422 84.

1033 1427 1183 1484 ἐξουσία
1199 1427 1235 1468 83
1259 1436 1375 1482 17,7.

1032 1482 1101 1536 ἔξω
1121 1488 1198 1541 γὰρ
1220 1487 1328 1541 ὀργῆς
1351 1497 1422 1536 20,
1435 1496 1507 1541 31.

1034 1539 1157 1594 ἔξωθεν
1182 1555 1279 1595 104,
1298 1555 1365 1596 14.

1034 1598 1125 1641 ἔοικε
1146 1600 1182 1641 83
1208 1613 1302 1653 104,
1319 1612 1388 1642 22.

1033 1654 1145 1699 ἔοικεν
1164 1662 1183 1708 ἡ
1205 1656 1389 1699 κολακεία
1415 1669 1480 1709 14,
1496 1667 1561 1710 24.

1032 1712 1143 1756 ἔοικεν
1163 1718 1180 1756 ὃ
1200 1715 1280 1767 βίος
1305 1715 1491 1766 106,14.

1032 1769 1142 1814 ἔοικεν
1162 1771 1220 1814 οὗν
1246 1784 1312 1824 10,
1327 1783 1400 1827 52.

1031 1831 1151 1903 ἑορτῆς
1170 1829 1278 1881 οὔσης
1305 1839 1352 1884 17
1358 1859 1372 1881 2
1392 1839 1456 1883 17·

1030 1886 1084 1927 ἐπ’
1102 1905 1222 1945 ακραν
1246 1899 1344 1940 104,
1359 1900 1402 1943 9.

1030 1944 1083 1985 ἐπ’
1106 1946 1195 1986 αὐτὸ
1216 1946 1254 1996 δὴ
1274 1946 1316 1986 τὸ
1337 1957 1380 1999 9,
1399 1942 1469 1999 38.

1030 2002 1084 2043 ἐπ’
1104 2002 1214 2043 αὐτόν
1232 2019 1280 2058 γε
1305 2014 1374 2057 13,
1395 2013 1463 2056 19.

1031 2058 1184 2101 ἓπαινειν
1200 2062 1278 2116 χρὴ
1297 2072 1343 2115 3,
1357 2070 1426 2113 92.

1031 2117 1203 2158 ἐπαινεταὶ
1222 2117 1290 2171 μὲν
1315 2130 1355 2167 1,
1375 2115 1440 2157 18.

1029 2174 1310 2228 Ἐπαμινώνδας
1329 2182 1403 2229 54,
1415 2184 1486 2228 50.

1030 2230 1309 2286 Ἐπαμινώνδας
1330 2233 1384 2288 ἐς.
1402 2230 1474 2281 68,
1483 2230 1551 2285 36.

1031 2291 1120 2330 ἐπὰν
1142 2292 1176 2330 ἐν
1196 2290 1348 2345 ἀγαθοῖς
1367 2299 1413 2340 4,
1430 2299 1496 2342 29·-

1030 2347 1120 2387 ἐπαν
1141 2349 1157 2387 ὁ
1179 2350 1255 2395 νοῦς
1274 2358 1393 2399 4,4ῐ.

1029 2405 1104 2444 ἐπει
1091 2406 1239 2501 γὰρ
1222 2403 1344 2444 demon.
1366 2415 1439 2500 55,
1460 2400 1529 2442 18.

1028 2460 1103 2558 Ξῖἶῖῗ
1123 2518 1160 2558 ὃ.
1176 2476 1348 2591 Ξεγῖ”Ῐὲτέ.
1361 2459 1433 2515 98'
1451 2470 1520 2514 ⁷³

1027 2576 1101 2615 ἐπει
1123 2573 1200 2616 83⁸
1181 2592 1275 2631 εγνω
1294 2587 1367 2628 44,
1384 2584 1453 2630 37.
1471 2610 1473 2612 .

1029 2632 1102 2672 ἐπεὶ
1123 2633 1159 2673 83
1180 2635 1214 2673 ἐν
1233 2636 1279 2688 τῇ
1298 2644 1342 2684 4,
1362 2632 1430 2684 84.

1029 2689 1103 2729 ἐπεὶ
1124 2688 1238 2730 ἐκεῖνό
1255 2706 1302 2745 γε
1322 2689 1396 2742 46,
1412 2700 1478 2730 20.

1029 2746 1103 2787 ἐπεὶ
1125 2745 1182 2787 οὖν
1202 2747 1261 2788 διὰ
1279 2758 1354 2802 43,
1371 2758 1439 2800 94.

1028 2803 1102 2844 ἐπεὶ
1123 2802 1273 2860 ῥέξαντα
1291 2803 1365 2856 46,
1387 2815 1453 2845 12.

1029 2861 1103 2900 ἐπεὶ
1123 2860 1174 2901 τά
1193 2862 1231 2916 γ’
1253 2864 1341 2917 ἂρκ.
1363 2870 1487 2917 95,5.

1027 2918 1103 2958 ἐπεὶ
1124 2917 1164 2959 τί
1182 2919 1234 2960 δεῖ
1250 2928 1294 2974 5,
1313 2929 1352 2973 7.
