1780 3178
425 249 882 302 FLORILEGIUM
925 256 1027 300 Trr.
1051 267 1118 314 74.

444 375 514 407 21.
535 363 776 422 Euo-&pitia
795 362 1107 405 Andromacha.

166 439 350 482 Matrem
372 438 555 481 virorum
574 437 790 496 praeterire
807 435 1020 479 amoribus

107 511 175 559 Ne
193 525 336 568 quoere
355 507 532 553 mulien*
568 509 736 568 Quippe
755 508 967 568 genitricis
986 508 1109 551 malae

108 584 310 643 Effugere
329 599 477 636 mores,
498 583 675 627 liberum
693 582 968 641 prudentium
987 591 1061 625 est.

642 668 709 701 22.
730 656 910 699 Ibidem.

167 730 258 772 Nec
276 745 430 788 magna
447 730 588 788 parvis
606 729 750 788 aggeri
769 729 834 772 fas
850 737 915 772 est
933 728 1066 771 mala:

111 805 202 846 Nec
221 804 265 853 si,
274 803 458 861 maligno
475 803 659 846 foeminae
676 802 846 860 ingenio
864 815 1025 852 sumus,

111 878 217 921 Ideo
235 877 471 921 aemulanda
488 876 671 935 pravitas
689 884 832 919 nostra
850 884 913 918 est
930 875 1046 918 viris.

648 962 715 1006 23.
737 949 911 992 Ibidem.

170 1025 384 1082 Quicquid
402 1024 501 1067 mali
520 1023 634 1067 ultra
651 1033 728 1076 est,
748 1022 941 1066 foeminas
960 1022 1077 1065 laedit
1096 1022 1257 1064 minus:

115 1099 238 1141 Bono
256 1097 405 1140 marito
423 1113 520 1156 quae
539 1096 710 1149 excidit,
730 1096 818 1139 vita
835 1094 1002 1139 excidit.

645 1183 714 1224 24.
738 1171 913 1213 Ibidem.

173 1245 358 1304 AEquale
371 1245 445 1303 jus
463 1255 526 1288 est
544 1244 742 1296 foeminae,
764 1259 895 1301 quam
913 1243 978 1287 vir
998 1258 1099 1286 suus

115 1323 252 1364 Vexat
270 1320 476 1379 protervis
494 1318 674 1362 insolens
694 1318 872 1375 injuriis,

115 1395 301 1452 Viroque
318 1394 441 1452 cujus
459 1408 568 1435 uxor
585 1391 738 1434 insanit
752 1391 879 1433 domi.

117 1469 204 1512 Sed
222 1470 299 1511 iste
317 1468 471 1526 positas
489 1468 534 1509 in
552 1481 681 1509 manu
699 1465 809 1508 vires
826 1464 977 1506 habet:

119 1546 251 1587 Laesa
261 1544 334 1604 illa
350 1544 503 1586 amicos
521 1557 569 1585 ac
586 1550 780 1600 parentes
798 1539 975 1597 respicit.

119 1621 346 1677 Superesse
365 1633 495 1676 quare
513 1632 580 1660 me
599 1630 770 1674 quoque
789 1623 852 1657 est
871 1624 1042 1671 aequum
1060 1612 1171 1654 meis.

658 1703 724 1747 25.
746 1690 923 1732 Ibidem.

180 1767 258 1809 Me
277 1766 551 1824 perdiderunt
570 1765 794 1807 mulierum
814 1763 966 1806 affatus
984 1761 1094 1804 mali.

589 1840 655 1883 26.
678 1839 794 1881 Idem
814 1838 989 1880 Peliasi.

182 1914 348 1957 Laudo.
400 1913 486 1956 Sed
503 1913 583 1955 hoc
604 1922 660 1964 te,
681 1912 782 1964 filia,
804 1910 1060 1954 admonitam
1081 1908 1197 1951 volo:

124 1989 272 2030 Donec
291 1986 434 2044 puella
451 2001 509 2037 es,
525 1985 642 2043 quod
660 1984 902 2042 puellarum,
917 1991 979 2025 est
999 1997 1110 2039 sape,

126 2063 187 2104 Et
205 2060 415 2118 virginum
435 2073 522 2101 una
540 2056 712 2116 virginis
730 2071 866 2099 mores
886 2066 990 2098 tene.

126 2134 253 2186 Quod
274 2134 308 2176 si
328 2131 502 2175 subieris
520 2130 712 2189 conjugis
730 2130 831 2173 clari
850 2139 1007 2187 togam,

128 2209 338 2250 Contenta
355 2221 467 2248 curae
486 2214 605 2263 parte
624 2204 822 2246 mandata.
840 2203 932 2254 tibi,

130 2279 332 2322 Permitte
351 2293 491 2321 rerum
512 2275 716 2334 quicquid
734 2283 798 2317 est
815 2274 929 2316 ultra
946 2273 1056 2315 viris.

626 2360 692 2406 27.
714 2347 967 2390 Menander.
1032 2346 1036 2349 ’

188 2429 283 2469 Aut
302 2441 386 2468 non
405 2423 598 2467 ducenda.
616 2431 679 2465 est
698 2436 821 2472 uxor,
842 2429 918 2462 aut
937 2420 970 2462 si
989 2418 1159 2461 duxeris

133 2499 326 2544 Ferenda
343 2496 578 2541 mussitanti
597 2505 639 2539 et
658 2496 734 2538 dos
752 2504 794 2537 et
814 2495 986 2537 foemina
1003 2502 1078 2536 est.

135 2575 234 2615 Mas
252 2571 393 2628 ecquis
411 2570 547 2622 adeat,
568 2566 828 2627 percunctari
847 2566 999 2608 desine.

135 2648 331 2702 Namque
349 2644 429 2686 hoc
448 2642 622 2701 sapienti
641 2640 860 2684 vitandum
879 2639 1067 2697 apprime
1087 2647 1148 2680 est
1166 2637 1270 2687 viro,

137 2720 205 2761 Ne
225 2726 359 2760 servet
375 2716 498 2758 nimis
517 2730 691 2758 uxorem
709 2715 753 2756 in
772 2713 962 2756 claustris
981 2711 1146 2755 aedium.
1163 2712 1171 2721 ‘

138 2792 327 2832 Externa
347 2803 528 2844 namque
548 2787 662 2829 visus
680 2786 952 2829 oblectamina

1356 269 1431 312 191
