1780 3178
326 264 411 319 236
731 261 994 308 IoANNis
1026 261 1272 305 s'roBAE1

326 376 505 419 Florens
525 374 678 433 opibus
696 375 954 434 praecipitem
974 374 1093 418 timet
1111 374 1290 422 ruinam.

327 452 446 495 Huic
466 452 540 509 qui
560 467 685 509 veges
704 460 767 493 est
785 466 973 508 corpore,
994 451 1168 494 morbus
1186 460 1250 494 est
1268 451 1490 497 cavendus.

326 527 484 569 Secura
502 525 591 568 dies
611 525 735 568 unica
754 524 1001 582 deputanda
1018 524 1139 567 lucro
1157 532 1232 568 est.

326 602 439 643 Nam
459 599 578 657 quid,
598 614 716 656 rogo,
738 613 825 655 qua
844 597 1019 640 materia
1037 612 1183 639 sumus
1201 597 1352 641 creati?

327 675 395 716 De
415 683 457 716 te
476 673 604 715 facito
617 672 828 729 judicium
850 680 1008 729 tuaque
1027 671 1138 714 vita:

325 747 441 800 Quid
462 747 516 790 sis
533 746 716 804 genitus,
737 754 932 804 prosatus
951 744 1081 797 unde,
1102 744 1208 802 quid
1228 745 1411 788 futurus.

833 832 849 860 1
863 832 896 861 1.
919 819 1174 863 Menander.

384 894 483 936 Vita
500 892 720 936 hominum
739 908 849 935 eaeea
867 902 929 935 est
947 892 1157 950 plenaque
1176 892 1427 935 infortuniis.

638 962 641 965 ’
740 979 804 1010 12.
826 966 1040 1024 Euphron
1064 967 1266 1009 Geminis.
1315 995 1319 997 >

385 1044 497 1085 Cum
518 1050 604 1083 tam
623 1041 750 1083 breve
770 1056 909 1082 aevum
930 1039 1092 1083 tribuas
1111 1040 1246 1092 nobis,
1267 1041 1298 1082 J
1302 1040 1485 1098 uppiter‚

329 1119 421 1160 Cur
440 1116 527 1163 sine
546 1115 690 1158 dolore
711 1114 791 1157 hoc
811 1129 896 1157 non
915 1113 1123 1172 permittis
1142 1113 1320 1171 degere?

802 1202 866 1244 13.
889 1190 1191 1231 Mimnermus.

330 1263 421 1304 Nos
439 1261 550 1304 foliis
570 1261 722 1304 similes
741 1277 839 1319 quae
858 1261 996 1319 gignit
1014 1277 1279 1319 purpureum
1294 1277 1382 1313 ver,

388 1337 501 1379 Cum
522 1336 583 1400 sol
602 1352 645 1384 se
664 1337 851 1394 primum
870 1337 1076 1382 candidus
1096 1337 1295 1389 exseruit,

332 1411 436 1452 Heu
456 1425 541 1452 non
560 1425 760 1452 mansuro
777 1411 1011 1468 gaudentes
1030 1410 1132 1457 flore
1145 1411 1337 1468 juventae

388 1485 615 1538 Ludimus,
635 1485 771 1527 edocti
789 1500 867 1528 nec
886 1486 999 1531 bona
1016 1501 1092 1543 per
1111 1500 1284 1543 superos

333 1547 423 1601 Nee
442 1558 563 1601 mala.
616 1559 886 1603 Circunstant
905 1559 1098 1617 geminae,
1119 1560 1210 1602 fera
1228 1559 1416 1611 numina,
1437 1559 1606 1604 Pasoae:

387 1632 532 1674 Altera
550 1632 633 1677 fert
652 1633 732 1676 aevi
752 1633 869 1677 triste
889 1632 1028 1677 senilis
1045 1649 1168 1685 onus,

329 1705 475 1748 Altera
492 1705 575 1747 fert
593 1714 796 1755 mortem;
829 1721 905 1749 nee
925 1706 1051 1750 durat
1068 1706 1236 1763 longius
1254 1715 1356 1751 aetas

388 1782 526 1832 Quam
548 1779 608 1821 sol
624 1779 698 1837 qui
718 1779 866 1824 subitis
885 1780 1045 1838 spargit
1063 1780 1244 1823 humum
1263 1779 1401 1825 radiis.

330 1855 394 1896 At
413 1862 639 1911 postquam
659 1853 766 1897 rosei
785 1852 965 1898 defluxit
984 1853 1182 1910 temporis
1200 1853 1319 1904 hora,

388 1927 462 1969 Nil
481 1927 615 1984 magis
632 1924 867 1984 optandum
889 1942 1018 1984 quam
1037 1927 1120 1970 cito
1138 1942 1260 1985 posse
1278 1926 1397 1969 mori.

330 2001 445 2043 Hinc
464 2009 592 2058 atque
610 2001 709 2045 hinc
727 2001 914 2046 animum
934 2001 1129 2044 mordent
1147 2000 1282 2045 mala:
1315 1990 1426 2059 saepe
1437 1999 1609 2047 laborat.

388 2075 476 2115 Res
493 2073 605 2126 laris,
625 2073 831 2120 incumbit
850 2073 1058 2131 squallida
1075 2074 1312 2132 pauperies.

331 2148 412 2188 Est
432 2154 474 2188 et
493 2146 567 2203 qui
588 2146 771 2193 sobolem
790 2146 899 2189 votis
918 2146 1153 2191 sitientibus
1172 2162 1308 2204 usque

390 2221 536 2277 Optat,
557 2219 612 2260 ad
631 2219 816 2265 infernas
833 2220 963 2263 orbus
981 2219 1120 2263 iturus
1137 2235 1280 2277 aquas.

332 2293 515 2335 Morbus
533 2291 652 2334 adest
670 2291 761 2333 aliis
780 2292 967 2337 animum
987 2308 1182 2350 quoque:
1215 2293 1397 2351 denique
1418 2292 1561 2336 nullus

390 2367 471 2409 Est
490 2366 723 2419 hominum,
741 2366 810 2412 cui
829 2382 914 2413 non
933 2366 1006 2411 det
1024 2367 1135 2411 mala
1151 2367 1287 2413 multa
1305 2368 1441 2410 Deus.

846 2455 910 2495 14
932 2442 1163 2485 Philemon„

391 2515 430 2555 O
450 2513 685 2559 fortunatas
703 2528 801 2559 vere
820 2512 1050 2559 animantes
1069 2522 1254 2564 caeteras,

333 2589 448 2638 Quas
467 2586 585 2629 nulla
602 2601 704 2628 cura
722 2585 887 2631 mordet
906 2601 1048 2632 rerum
1067 2585 1297 2644 ejusmodi:

334 2661 432 2702 Non
452 2660 608 2702 crimen
627 2668 838 2712 metuunt,
859 2675 944 2702 non
964 2659 1205 2717 impingunt
1223 2659 1357 2711 alteri,

333 2734 423 2775 Nec
441 2732 674 2790 defatigant
693 2748 735 2776 se
755 2731 874 2778 malis
893 2732 1121 2777 accersitis:

333 2807 418 2850 Sed
438 2822 566 2863 quam
589 2822 854 2864 unaquaeque
873 2822 1013 2853 secum
1033 2815 1226 2851 naturam
1245 2806 1404 2858 attulit,
