1780 3178
348 242 435 297 284
752 244 1016 288 IOANNIS
1049 245 1287 289 STOBAEI

913 374 980 414 14.
1001 361 1132 403 Idem.

403 431 604 474 Senectus
622 431 754 475 veluti
774 433 987 476 stabulum
1006 443 1091 477 est:
1124 450 1222 477 nam
1243 435 1447 494 quicquid
1465 435 1565 479 mali

344 505 549 548 Humana
567 506 715 564 recipit
733 507 835 559 vita,
854 507 899 550 in
917 507 1032 550 illam
1051 509 1237 552 confluit.
1461 504 1467 516 ¹

901 591 969 638 15.
990 583 1125 625 Idem.

399 651 530 692 Aram
550 650 758 693 malorum
770 651 870 709 jure
889 662 1143 696 senectutem
1165 670 1308 697 voces:

340 724 538 782 Namque
557 723 613 766 ad
631 740 723 767 eam
743 741 830 768 sese
849 725 998 784 recipit
1015 727 1133 784 quod
1154 727 1312 785 ubique
1332 737 1395 771 est
1413 727 1525 770 mali.

906 801 971 842 16.
994 801 1128 844 Idem.

398 872 543 914 Eheu!
566 882 769 925 senectus,
791 873 866 931 qui
881 874 958 917 tibi
977 875 1224 919 maledicere

334 946 564 998 Quaerunt,
583 946 801 989 materiam
819 947 885 990 his
905 964 1034 1006 quam
1054 950 1299 1008 suppeditas
1314 951 1513 995 uberem?

856 1034 921 1077 17.
943 1023 1178 1067 Philemon.

380 1094 432 1136 A.
443 1095 674 1153 Syra,heus
688 1097 806 1155 Syra.
816 1097 863 1140 S.
875 1099 991 1140 Hem
1003 1100 1012 1141 !
1028 1098 1133 1156 quid
1145 1115 1213 1142 me
1219 1100 1282 1142 vis
1288 1101 1360 1143 M.
1370 1101 1658 1144 Utverovales
1666 1105 1685 1144 ?

340 1170 389 1212 S.
410 1170 644 1227 Nunquam
663 1170 778 1213 istud
797 1181 1070 1230 percunctare
1091 1189 1229 1216 senem
1251 1175 1285 1217 si
1299 1176 1454 1219 videris

339 1244 565 1286 Anumve:
598 1243 758 1303 quippe
775 1245 940 1303 liquido
958 1262 1043 1290 non
1063 1257 1175 1291 recte
1193 1249 1357 1293 valent:

341 1320 441 1362 Hoc
461 1318 794 1377 superindictum
814 1321 1019 1378 quadrat:
1051 1338 1075 1364 e
1095 1338 1141 1365 re
1160 1322 1213 1366 sit
1231 1324 1350 1366 mori.

719 1394 785 1437 18.
806 1396 1002 1439 Herodes
1021 1398 1306 1442 Mimiambis.

398 1468 628 1526 Languere
647 1477 796 1512 curvat
814 1485 882 1512 me
901 1479 1066 1514 senecta
1084 1471 1335 1525 detractum,

340 1543 433 1585 Nec
452 1558 520 1585 me
539 1543 672 1602 magis
691 1560 821 1602 quam
839 1561 992 1604 corpus
1011 1547 1164 1590 umbra
1182 1547 1367 1591 dimittit.

892 1633 909 1662 1
919 1635 957 1677 9.
980 1621 1138 1664 Alea-2⁶8.

397 1691 429 1732 J
430 1706 499 1733 am
518 1706 612 1734 mea
630 1702 821 1736 versatur
839 1694 928 1737 vita
946 1695 1055 1738 circa
1073 1712 1302 1755 vesperam.

841 1781 908 1813 20.
930 1771 1183 1813 Mnander.

396 1839 630 1882 Molestum
648 1856 778 1898 pecus
796 1851 859 1884 est
877 1843 1070 1886 desidens
1089 1844 1203 1886 domi
1222 1860 1360 1887 senex.

721 1929 788 1960 21.
809 1917 1003 1960 Herodes
1021 1919 1304 1963 Mimiambis.

396 1986 606 2030 Emensus
625 1988 704 2030 aevi
725 1990 856 2032 sexies
873 1990 1015 2033 decem
1037 1992 1158 2045 soles,

340 2061 379 2102 O
401 2060 564 2119 Grylle‚
588 2062 751 2120 Grylle,
773 2064 946 2107 moritor
965 2074 1006 2108 et
1026 2066 1128 2109 cinis
1146 2068 1244 2110 fias:

339 2133 512 2175 Caecum
532 2143 594 2176 est
613 2136 731 2191 quod
749 2135 840 2179 haec
858 2148 954 2194 post
974 2139 1108 2196 spatia
1124 2149 1253 2183 restat
1272 2141 1421 2185 aetatis.

339 2207 452 2248 Nam
464 2207 556 2265 jam
575 2218 742 2250 retusus
761 2209 850 2266 ipse
869 2210 1013 2268 fulgor
1032 2222 1095 2255 est
1114 2213 1223 2256 vitae.

716 2295 782 2339 23.
804 2276 1070 2342 Antiphanes
1089 2287 1301 2344 Epiclero.

399 2355 601 2397 Senectus
619 2371 747 2412 quam
767 2365 816 2399 tu
835 2373 879 2399 es
898 2358 1093 2401 omnibus
1112 2361 1359 2404 mortalibus

336 2428 548 2471 Amabilis
567 2437 610 2471 et
627 2429 794 2487 cupita3
827 2431 900 2473 sed
919 2447 1013 2474 cum
1035 2433 1212 2486 veneris,

337 2502 507 2553 Infesta,
529 2503 716 2545 taediosa!
748 2496 955 2548 benedicit
975 2506 1050 2549 tibi

339 2576 500 2618 Nemo:
533 2576 608 2633 qui
628 2577 796 2635 sapiunt
811 2578 1015 2622 differunt
1036 2589 1076 2623 te
1095 2581 1255 2640 pipulo.

748 2663 815 2704 24.
837 2653 1031 2696 Herodes
1050 2655 1269 2697 Miambz's.

397 2721 572 2775 Mulier,
593 2723 792 2777 hebescit,
813 2741 909 2769 cum
930 2726 1046 2769 nives
1064 2737 1193 2785 caput
1212 2740 1434 2786 spargunt,
