1838 3276
387 283 410 323 8
783 279 1039 322 IOANNIS
1071 276 1317 320 STOBAEI

778 418 840 447 Π.
864 400 1080 446 Hesiodm
1103 403 1321 461 Operibus.

440 481 570 523 Nulla
588 479 686 521 boni
701 478 892 536 justique
911 487 953 520 et
973 477 1036 519 fas
1056 476 1256 518 servantis
1275 483 1317 517 et
1331 489 1501 531 aequum

384 554 555 597 Gratia:
587 552 786 594 laudatur
800 550 1000 593 scelerum
1022 548 1269 605 fraudisque
1285 555 1487 604 repertor,

383 628 442 669 Et
462 627 502 668 vi
528 634 679 668 cuncta
702 624 887 666 trahens:
920 612 1129 678 'nusquam
1161 619 1321 678 pudor:
1353 634 1481 661 aurea
1509 631 1719 674 nusquam

380 699 410 741 J
414 699 572 743 ustitia:
606 697 807 739 insultant
827 696 945 753 pravi
966 694 1199 752 potioribus
1219 693 1332 735 ultro

382 773 625 829 Falsiloquo
645 785 846 820 sermone,
869 767 940 810 sed
962 776 1003 809 et
1016 767 1162 823 jurare
1181 765 1328 823 parati.

383 845 550 887 Invidia
567 860 592 886 a
611 853 730 900 tergo
749 840 909 883 miseris
930 839 1174 881 mortalibus
1188 839 1315 880 instat

381 918 502 961 Laeta
522 917 654 968 malis,
675 916 855 957 immane
875 923 1010 964 tuens,
1033 929 1143 955 saeva
1162 912 1300 954 omina
1320 922 1514 969 portans12

882 1015 946 1046 12.
971 1003 1219 1058 Zenodotus.

437 1081 604 1124 Virtute
624 1081 716 1123 laus
735 1089 922 1138 paratur,
943 1077 1105 1135 ignavis
1125 1076 1217 1134 pari

382 1155 492 1198 Tam
512 1155 597 1198 vita
615 1170 743 1212 quam
763 1169 875 1195 mors
895 1151 1042 1194 transit
1062 1151 1105 1192 in
1126 1146 1299 1192 silentio.
1352 1140 1354 1145 ⁷
1410 1144 1411 1147 ¹

778 1256 838 1299 ¹3·
856 1237 1071 1284 Hesiodus
1098 1240 1319 1297 Operibus.

434 1318 532 1360 Non
547 1318 654 1359 mihi
674 1332 786 1358 nunc
804 1315 948 1373 igitur,
969 1330 1054 1357 non
1073 1313 1147 1376 qui
1167 1313 1221 1354 de
1241 1310 1443 1368 sanguine
1461 1318 1606 1370 nostro

378 1394 515 1435 Natus
534 1393 626 1444 erit,
642 1393 757 1452 juste
778 1391 830 1445 sit
850 1390 1012 1432 vivere:
1045 1371 1382 1444 noxianamque
1541 1378 1543 1382 ¹

377 1466 407 1507 J
413 1466 553 1508 ustitia
573 1476 649 1516 est,
671 1452 767 1507 cum
778 1465 881 1522 jura
899 1462 1034 1524 magis
1053 1461 1268 1523 pejoribus
1286 1453 1435 1502 adsint.

918 1566 984 1607 14,
1006 1552 1180 1596 Ibidem.
1359 1602 1361 1607 Ι

434 1630 605 1673 Vicinus
624 1630 772 1681 malus,
794 1638 884 1671 atra
903 1628 1012 1670 lues:
1043 1627 1194 1677 bonus,
1210 1624 1370 1682 optima
1382 1638 1499 1665 merx
1515 1630 1598 1669 est;

375 1705 510 1754 Quem
530 1702 605 1760 qui
625 1702 823 1759 indeptus
841 1701 934 1752 erit,
956 1707 1140 1742 mactum
1161 1714 1209 1741 se,
1224 1697 1367 1749 credat
1386 1697 1556 1741 honore.
1628 1732 1630 1734 .
1667 1723 1670 1727 -

708 1803 772 1845 15.
795 1788 1032 1846 Euripides
1047 1786 1376 1843 Bellerophonte.

433 1865 665 1919 Utcunque
685 1861 804 1903 malis
823 1860 1060 1903 commodat
1080 1874 1203 1902 auras
1387 1873 1407 1885 0
1443 1879 1446 1883 ·

376 1937 567 1978 Fortuna
587 1951 695 1986 suas,
713 1944 928 1991 utcunque
943 1934 1080 1984 ferox,

376 2012 524 2052 Partas
544 2009 684 2051 subito
703 2023 800 2051 cum
820 2017 979 2066 spectat
998 2023 1117 2065 opes,

376 2084 540 2141 Raptor
559 2091 698 2140 spreto
711 2083 810 2140 jure
830 2080 1035 2139 superbit&
1321 2103 1323 2109 π
1462 2106 1464 2108 -
1525 2131 1527 2133 ¹
1641 2108 1659 2117 ..
1678 2082 1698 2117 ;ἶ
1714 2089 1719 2109 ¹

375 2156 493 2199 Nihil
512 2156 605 2198 heic
625 2155 770 2198 stabile
789 2164 852 2197 est
871 2165 1099 2211 tutumque
1118 2150 1233 2195 nihil.

375 2231 515 2287 Negat
533 2228 730 2271 heredem
750 2243 818 2270 res
835 2236 955 2285 rapta
974 2226 1104 2284 sequi.

377 2304 568 2360 Tempus
587 2301 704 2344 nullo
722 2301 910 2359 genitore
930 2309 1067 2343 satum

375 2379 539 2435 AEquat
558 2376 714 2419 normis
733 2377 873 2418 omnia
892 2375 1029 2426 rectis,

316 2499 318 2502 ¹
364 2451 655 2508 ‘Tandem-que
675 2446 983 2506 malas‘detegit'
1003 2457 1123 2490 artes.

849 2537 913 2578 16.
934 2536 1053 2578 Idem
1073 2534 1242 2577 Medea.

431 2613 565 2662 Deus,
585 2610 691 2668 quid
709 2610 789 2652 hoc
804 2611 890 2651 est!
925 2608 958 2650 si
977 2607 1081 2650 fides
1100 2607 1193 2650 auri
1211 2607 1294 2649 fuit

377 2689 590 2743 Suspecta,
612 2692 724 2736 sunt,
746 2692 787 2726 te
807 2683 946 2734 dante,
967 2698 1064 2740 quae
1083 2690 1254 2724 cernant
1274 2689 1403 2724 notae:

374 2761 404 2800 J
409 2768 522 2801 ustos
541 2758 694 2815 iniquis
714 2757 832 2814 signa
851 2771 948 2814 quae
968 2754 1267 2805 discriminent,

376 2833 506 2876 Nulla
525 2832 708 2875 invenire
728 2840 790 2874 est
809 2846 981 2889 corpore
1001 2830 1045 2873 in
1061 2828 1312 2873 mortalium.
