1780 3178
369 290 452 324 222
770 277 966 320 IOANN
971 277 1027 320 IS
1059 278 1296 322 STOBAEI

367 391 532 434 Deinde
550 390 690 434 cuncti
709 405 793 434 non
811 391 954 449 probis
970 391 1045 434 sed
1062 391 1222 435 ditibus

366 465 537 506 Donare
555 464 719 507 malunt
738 479 867 521 quam
887 463 1030 521 probis
1048 472 1091 506 et
1109 465 1341 522 egentibus.

365 539 487 583 Dites
505 539 617 582 beati
633 555 642 581 :
674 552 910 596 pauperum
930 536 1076 579 infelix
1094 553 1240 594 genus.

588 614 591 618 ’
809 622 850 666 7.
871 611 991 652 Idem
1011 610 1265 667 Eurystheo.

421 686 549 728 Nunc
567 684 642 743 qui
661 684 835 727 domum
854 683 1018 726 habitat
1036 683 1166 726 divite
1185 683 1431 726 instructam
1449 697 1577 741 penu,

364 761 548 803 Summis
565 760 762 818 adaequat
779 759 894 801 hunc
912 758 1119 801 malorum
1136 758 1275 801 factio.

364 833 586 875 Habemus
604 847 747 875 omnes
765 831 877 874 facta
894 839 991 889 post
1009 830 1217 888 pecunias.

877 905 915 947 8.
937 905 1190 946 Menasnder.
1217 919 1223 934 1

420 979 442 1010 ¹<
453 979 692 1022 Immodicae
711 977 882 1029 divitiae,
902 985 1107 1035 potestate
1125 976 1282 1028 addita,

362 1054 620 1095 Dementant
637 1051 850 1094 hominem
869 1049 1061 1108 quamvis
1080 1049 1443 1108 sapientissimum.

877 1137 917 1180 9.
943 1124 1174 1182 Heognis.

360 1184 576 1240 Divitibus
596 1196 740 1239 multis
758 1211 829 1238 cor
848 1195 976 1251 abest.
1031 1195 1197 1246 Quibus
1215 1203 1330 1237 arcta
1348 1194 1463 1237 domi
1481 1209 1562 1246 res,

419 1272 540 1327 Saepe
559 1269 745 1312 animum
764 1269 885 1311 claris
903 1268 1064 1311 artibus
1082 1268 1301 1325 adjiciunt.

359 1343 505 1385 Vanus
524 1342 721 1400 utrinque
739 1341 869 1384 labor.
915 1342 1112 1398 Namque
1130 1340 1207 1383 hos
1225 1339 1456 1383 extundere
1473 1354 1627 1398 magna

418 1417 666 1473 Paupertas,
686 1414 778 1457 illos
797 1429 882 1456 non
902 1413 999 1456 sinit
1015 1413 1243 1471 ingenium.
1465 1402 1473 1415 ⁸

756 1570 1066 1619 TITULUS
1098 1570 1293 1619 XCIII.

663 1687 1014 1726 VlTUPERIUM
1039 1688 1389 1727 DIVITIARUM.

677 1786 713 1814 Ι.
734 1773 986 1815 Menander.
1008 1773 1075 1814 Al.
1095 1773 1367 1830 Antiphanis.

413 1847 520 1889 Esto
539 1845 702 1888 animus
721 1845 853 1887 dives.
901 1846 1014 1888 Nam
1033 1843 1191 1887 divitiae
1210 1854 1371 1887 caeterae

357 1910 581 1962 Pascendis
600 1917 731 1960 oculis
750 1916 848 1959 vitae
869 1926 967 1959 sunt
986 1917 1243 1975 choragium.

737 2005 774 2036 2.
793 1993 1030 2050 Euripides
1050 1992 1316 2034 Phaethonte.

411 2067 499 2108 Res
519 2066 681 2118 misera,
702 2082 850 2108 verum
870 2066 1042 2124 propria
1060 2065 1262 2108 divitibus
1281 2075 1435 2118 tamen,

354 2142 475 2183 Bona
493 2156 631 2182 carere
651 2148 804 2182 mente.
855 2139 971 2190 Quid
990 2154 1126 2182 causae
1146 2142 1262 2181 rear?

352 2215 428 2255 An
447 2229 556 2255 caeca
575 2212 773 2270 quoniam
792 2212 891 2254 diva
909 2210 1100 2269 largitrix
1115 2226 1246 2269 opum

352 2288 495 2330 Caecas
514 2286 693 2329 alumnis
712 2285 836 2329 efficit
855 2293 1014 2327 mentes
1034 2284 1143 2326 suis?
1231 2333 1234 2337 .

341 2353 347 2358 ¹
790 2371 831 2415 3.
853 2358 972 2399 Idem
992 2358 1242 2414 Hippolyto.

406 2434 502 2474 Aut
520 2431 700 2490 parcitas
718 2440 793 2473 aut
810 2431 945 2474 fastus
963 2437 1027 2472 est
1045 2429 1197 2487 opibus
1215 2445 1362 2472 comes.

858 2517 899 2558 4.
922 2504 1041 2546 Idem
1062 2504 1176 2546 Ione.

403 2580 530 2622 Nunc
549 2579 628 2621 ite:
660 2578 870 2620 honorum
889 2577 1039 2620 decora
1057 2584 1220 2634 captate
1239 2574 1434 2633 improbi,

345 2651 628 2712 Venaticoque
646 2667 761 2694 more
780 2666 869 2694 rem
888 2650 1135 2708 conquirite,

808 2821 824 2843 ¹⁸
840 2822 937 2853 Refer
952 2822 993 2854 ad
1009 2821 1078 2853 Tit.
1091 2821 1218 2852 XCIII.
