1838 3276
403 273 450 313 16
797 271 1051 314 loANle
1084 270 1328 313 STOBAEI
1373 259 1375 263 ’

901 386 968 429 2'8.
995 386 1224 444 Theognis.

397 459 467 501 Tu
488 474 728 516 quenquam
748 459 920 501 laudare
939 474 1057 501 cave:
1088 459 1166 501 nisi
1186 458 1322 521 qualis
1342 457 1396 500 ad
1415 458 1519 500 iram

454 534 593 585 Noris,
615 533 689 590 qui
708 548 857 584 mores,
877 526 1118 590 ingeniique
1136 532 1267 590 vigor.

396 606 550 649 Multis
569 621 750 663 namque
767 605 985 648 hominum
1005 605 1188 648 sublesta
1207 614 1250 648 et
1262 595 1454 648 'adultera
1467 604 1614 648 furtim

454 682 580 722 Mens
598 680 712 731 latet,
733 680 860 736 inque
880 679 968 722 dies
987 688 1049 722 est
1068 680 1149 722 alia
1162 689 1290 737 atque
1307 679 1398 722 alia.

395 754 479 797 Sed
499 753 584 796 ficti
603 768 737 794 mores
755 752 846 810 ips'o
867 767 909 794 se
929 740 1116 810 tempore
1136 753 1342 817 produnt:

451 827 541 869 Nec
561 840 628 868 me
648 825 869 882 deceptum
894 825 1235 883 saepius‘inficior.

843 887 846 890 ’
899 919 901 921 >
956 900 1163 945 Incertus,

448 974 547 1015 Non
567 973 830 1030 proferenda,
849 961 922 1016 sed
942 973 1122 1031 tegenda
1140 974 1300 1017 inscitia
1319 984 1392 1018 est.

906 1046 1205 1105 Epicharmus.
1234 1055 1235 1058 ’

448 1121 601 1178 Vigila:
620 1136 702 1163 neu
715 1121 820 1178 quid
833 1130 987 1164 temere
999 1121 1159 1164 credas:
1177 1118 1294 1165 nervi
1306 1122 1351 1164 hi
1364 1131 1462 1165 sunt
1474 1111 1723 1181 prudentiae}

552 1196 717 1237 Paulus
737 1195 1027 1238 Silentiarius.
1053 1193 1245 1253 [Anthol.
1269 1196 1358 1238 Pal.
1382 1194 1443 1237 X.
1468 1186 1557 1255 76.]
1579 1200 1581 1202 ’

391 1270 538 1312 Vivere
557 1285 641 1312 non
662 1269 784 1311 dulce
803 1270 889 1326 est,'
901 1270 1039 1312 animo
1059 1271 1132 1312 sed
1151 1270 1305 1328 pellere
1323 1286 1445 1330 curas

445 1345 552 1394 Quae
572 1343 752 1400 pingunt
773 1342 894 1384 celeri
915 1352 1103 1402 tempora
1122 1344 1282 1399 canitie.

388 1416 568 1458 Divitias
585 1411 751 1474 cupiam
771 1424 977 1473 quantum
998 1417 1113 1460 satis:
1147 1418 1191 1460 id
1211 1418 1327 1476 quod
1342 1414 1547 1471 abundat,
1624 1471 1627 1474 ‚
1701 1473 1706 1491 ἱ

443 1490 524 1530 Est
543 1488 728 1531 animum
747 1489 904 1532 auratis
922 1490 1285 1537 sollicitudinibus,
1439 1487 1442 1490 ⁴
1584 1493 1586 1496 ’

386 1561 501 1603 Hinc
521 1570 562 1603 et
582 1577 691 1619 saepe
710 1562 816 1605 mori
835 1563 983 1606 melius
1003 1579 1131 1622 quam
1151 1566 1304 1618 vivere,
1325 1575 1368 1609 et
1386 1566 1526 1608 audax

443 1636 675 1692 Paupertas
695 1651 868 1694 magnas
887 1653 997 1695 saepe
1016 1637 1178 1682 lacessit
1197 1655 1308 1696 opes.
1368 1628 1373 1637 ’

385 1711 493 1752 Haec
512 1710 617 1751 bene
637 1725 734 1751 cum
754 1710 880 1762 noris,
902 1720 1068 1754 maneat
1088 1711 1290 1772 sapientia
1309 1711 1396 1754 sola

442 1786 546 1841 Spes
563 1783 652 1835 tibi,
674 1784 717 1825 in
737 1784 844 1826 hanc
863 1795 1024 1827 certum
1044 1785 1178 1843 dirige
1198 1786 1348 1829 mentis
1366 1786 1456 1834 iter,
1520 1804 1524 1807 ’
1587 1788 1589 1793 “
1614 1788 1616 1790 ’
1654 1785 1673 1794 ’”
1708 1774 1715 1788 “

948 1861 1154 1905 Incertus.

439 1932 628 1974 Pretiosa
645 1947 711 1974 res
730 1935 792 1974 est
811 1931 929 1975 nulla
948 1948 1037 1990 prae
1058 1933 1270 1991 sapientia,

382 2007 487 2056 Quae
507 2004 663 2046 nescias
682 2003 887 2056 didicisse,
908 2020 1007 2062 pars
1025 2005 1237 2065 sapientiae
1255 2015 1329 2049 est.

382 2078 575 2135 Sapiente
593 2078 646 2119 ab
666 2078 833 2120 homine
852 2087 950 2121 nata
969 2079 1154 2135 primum
1173 2079 1306 2122 oratio
1325 2088 1399 2126 est,

379 2154 477 2194 Non
496 2161 643 2194 cuncta
664 2161 928 2209 prospectare
947 2152 1123 2210 sapienti
1141 2153 1302 2195 datum.

378 2226 458 2266 Est
478 2239 620 2281 sapere
639 2224 775 2281 pretio
793 2224 982 2281 quolibet
1000 2224 1234 2282 pretiosius.

378 2297 457 2337 Est
477 2295 589 2337 unde
608 2295 743 2352 sapias
762 2294 917 2338 discere
937 2311 963 2338 a
981 2295 1247 2353 sapientibus.

379 2369 453 2410 Sui
473 2368 560 2425 ipse
581 2367 861 2410 dissimulator
882 2377 944 2410 est
964 2369 1126 2426 sapiens
1145 2369 1255 2412 mali.

378 2443 569 2483 Honesta
587 2450 737 2484 cuncta
756 2457 874 2484 nosse
894 2457 958 2484 res
977 2442 1258 2500 pulcherrima
1277 2452 1349 2492 est,
