1780 3178
400 286 852 334 FLORILEGIUM.
883 291 986 336 Tm
1006 302 1074 351 57.

463 411 529 456 13.
550 396 790 458 Emipu'des
808 401 1008 460 Απιὶφα.

240 471 365 524 Haec,
386 482 437 515 ut
455 486 600 532 sapere
617 473 815 527 credaris,
835 489 953 528 eane,

69 544 190 588 Dum
208 545 318 589 fodis
337 561 527 605 arasque,
547 555 699 606 peeota
717 547 822 596 dum
841 549 976 607 pascis
994 559 1091 593 tua:

68 619 230 662 Vocum
249 619 336 663 frui
353 619 457 663 alios
475 620 705 679 splendidis
723 621 851 680 nug'm
868 622 967 665 sine.

501 709 566 751 14.
589 697 708 739 Idem
727 697 969 741 Bueemeno‘.

123 766 242 852 ⁴³¹³.oe
258 768 315 811 ad
334 782 438 812 usus
455 769 537 813 alia
555 768 680 812 tellus
691 770 849 828 'aptior

578 854 643 901 15.
665 840 897 888 Philemon.

120 915 286 964 Eorum
303 931 402 976 quoe
419 917 614 961 homines
626 918 840 976 possident
852 919 1134 977 justissimum

66 990 187 1048 Ager
205 998 283 1043 est,
303 991 577 1049 suppeditans
594 1004 777 1050 quorum
794 1001 947 1035 natura
965 992 1152 1051 indjget:

66 1064 232 1122 Nempe
250 1064 403 1117 oleum,
424 1064 584 1118 vinum,
605 1067 773 1119 caricas,
794 1067 891 1119 mel,
912 1068 1109 1110 triticum.

66 1137 132 1179 At
150 1145 283 1180 vestes
301 1153 527 1196 purpureae
546 1146 676 1196 atque
693 1154 794 1182 vasa
811 1149 1010 1198 argentea
1187 1185 1190 1187 ,

67 1210 207 1253 Usum
226 1210 270 1253 in
290 1211 495 1270 tragoedia
512 1212 684 1265 habent,
705 1213 749 1255 in
767 1213 855 1256 vita
872 1229 957 1257 non
976 1206 1143 1257 hahent.

487 1363 790 1415 TITULUS
822 1365 984 1415 LVII.

241 1478 316 1517 DE
345 1476 739 1518 AemcULTURA
767 1479 830 1519 IN
856 1468 1236 1519 coNTRAmUM.

578 1589 615 1620 1.
636 1579 889 1621 Menander.

13 1688 22 1693 .
123 1660 140 1679 θ
150 1650 259 1693 Haec
277 1659 340 1692 est
359 1649 554 1708 voluptas
571 1650 710 1708 prima
726 1651 826 1694 vitae
843 1652 1025 1704 rusticae,

67 1724 152 1781 Spe
169 1723 377 1768 laetiorum
395 1732 549 1767 cuncta
566 1724 684 1782 quod
701 1724 806 1768 lenit
823 1726 944 1769 mala.

594 1810 633 1844 2.
655 1798 877 1857 Diphilus.

123 1869 289 1912 Asellus
307 1879 419 1913 unus
437 1885 536 1914 rure
554 1882 608 1914 ex
627 1871 767 1914 vicino
784 1885 879 1914 meo

66 1941 224 1985 Adfert
242 1942 416 1986 domum
435 1944 673 2001 quotanniS‚
693 1944 812 2001 quod
830 1944 939 1987 votis
957 1953 1021 1987 sat
1039 1952 1116 1995 est,

64 2017 288 2069 Libamen,
308 2016 462 2069 oleum,
483 2017 709 2075 grossuloS,
729 2017 826 2069 mel,
847 2017 1066 2061 hordeum.

574 2104 619 2148 3.
638 2092 890 2134 Mamder.

125 2162 295 2206 Florere
313 2163 412 2206 belli
431 2163 580 2207 decore
594 2163 687 2207 laus
705 2177 806 2208 vera
823 2172 886 2207 est
904 2165 1008 2207 viri·

67 2237 116 2279 ln
136 2252 234 2280 rure
253 2237 459 2280 desudare
477 2237 625 2280 servile
642 2248 706 2280 est
723 2252 842 2295 opus.

377 2324 419 2364 4.
441 2311 684 2354 Ama-ilaus
704 2311 1075 2372 Lyrarumsalna

239 2384 291 2425 A.
313 2383 437 2426 Vales
454 2386 532 2427 ne?
562 2397 691 2442 quam
710 2398 849 2426 macer
867 2387 935 2426 es!
969 2384 1022 2426 B.
1044 2385 1159 2440 peri:

70 2456 166 2498 Rus
184 2455 272 2513 ipse
290 2470 425 2513 pasco.

457 2538 499 2586 5.
520 2529 762 2572 Menander
779 2529 1009 2587 Agricolis.

127 2603 232 2643 Meo
249 2616 352 2659 agro
364 2602 586 2660 justiorem
604 2617 728 2644 nemo
746 2611 809 2644 est
827 2601 902 2659 qui
921 2601 1051 2644 eolat:

71 2675 182 2717 Nam
202 2674 325 2718 flores
343 2675 518 2732 profert,
538 2684 739 2733 tanquam
759 2674 964 2717 caelitibus
982 2673 1100 2724 Deis,

553 2838 569 2853 ⁸
582 2830 680 2862 Refer
694 2831 735 2861 ad
749 2830 817 2862 Tit.
834 2830 921 2861 LVI.

695 2902 722 2929 K
745 2900 771 2931 2

1321 304 1398 352 13¹
