1780 3178
435 256 902 302 FLomLEGmM.
935 256 1040 298 Tm.
1064 267 1132 311 74

132 369 222 410 Nec
242 366 394 410 sociam
413 365 535 408 multi
554 364 653 422 quae
671 363 725 406 sit
742 361 944 405 sermonis
961 361 1140 419 adopta:

131 442 243 483 Nam
263 440 374 483 mala
392 438 609 482 foemineos
626 436 813 495 perdunt
831 435 1038 478 consortiis
1055 449 1202 477 mores.

131 515 222 569 Nec
240 513 380 572 gravis
399 512 566 555 incedas
585 527 703 563 auro,
724 526 801 553 nec
820 509 980 568 iaspide
996 508 1115 551 fulva

130 587 339 646 Impedias
357 586 511 630 collum
531 585 598 628 vel
618 600 834 644 purpureo
852 583 1094 642 hyacintho,

131 664 323 734 Quaeque
342 661 424 704 alia
442 668 622 703 ostentat
640 675 794 702 vesana
811 658 1030 717 superbia:
1062 667 1111 700 tu
1130 673 1207 700 cur

130 738 389 779 Ornamenta
407 734 509 776 foris
526 733 671 791 cupias
689 732 915 775 adsciscere
932 747 1019 774 non
1038 740 1115 783 est,

133 808 336 851 Mirm-ive
354 817 471 849 tuam
491 805 660 864 speculo
677 805 759 847 sub
771 804 916 862 judice
933 804 1127 856 formam,

131 884 228 924 Aut
247 890 445 939 suggesta
461 895 592 922 comae
611 878 736 921 variis
753 893 1002 936 componere
1019 877 1154 928 nodis,

132 957 228 998 Aut
246 954 388 997 oculos
407 953 588 1011 nigrore,
608 967 737 1010 genas
754 960 830 994 aut
846 951 1020 1008 pingere
1037 950 1148 992 fuco.

134 1031 232 1072 Non
252 1029 312 1071 ita
329 1027 575 1070 foemineum
592 1041 746 1084 corpus
764 1034 916 1067 natura
934 1023 1091 1066 creavit

133 1106 199 1147 Ut
217 1113 379 1163 partem
399 1102 491 1160 ipsa
509 1102 642 1152 daret,
662 1116 760 1158 pars
778 1100 1017 1157 exigeretur
1034 1099 1089 1140 ab
1107 1107 1206 1141 arte.

134 1179 246 1220 Nam
265 1179 340 1235 qui
361 1176 564 1218 sustineas
582 1174 780 1232 sapientis
797 1174 854 1216 ob
872 1189 947 1215 ora
965 1172 1105 1214 venire

134 1251 325 1295 Alternis
343 1251 507 1293 varians
525 1264 678 1306 corpus
697 1247 872 1290 mortale
889 1246 1061 1304 figuris?

135 1326 342 1377 Discolor,
363 1325 455 1383 ipsa
473 1324 549 1366 tibi
569 1322 789 1374 contraria,
809 1321 879 1364 cui
898 1336 1008 1362 nova
1026 1334 1172 1361 rursus

135 1403 196 1444 Et
215 1416 324 1443 nova
341 1399 477 1441 forma
495 1397 646 1455 placet,
666 1409 885 1452 nunquam
904 1391 1024 1451 potes
1042 1407 1129 1434 una
1146 1390 1289 1432 videri.

552 1469 591 1511 8.
612 1467 849 1525 Euripides
867 1465 1062 1508 Bacchis.

194 1548 346 1604 Neque
364 1545 491 1588 eorda
509 1554 654 1600 turpes
671 1541 834 1584 veneris
850 1540 895 1581 in
912 1538 1054 1581 vetitae
1070 1537 1182 1579 faces

137 1610 354 1664 Foeminea
371 1627 492 1677 coget
513 1617 670 1660 Liber:
702 1614 918 1673 ingenium
937 1612 1096 1654 bonum

136 1697 312 1752 Semper
329 1693 473 1752 pudici
491 1691 680 1771 regularn
698 1689 826 1732 moris
846 1696 974 1730 tenet.

138 1770 236 1810 Hoc
254 1766 525 1825 cogitandum
544 1773 632 1806 est:
663 1763 708 1805 in
727 1762 851 1805 sacris
869 1743 1097 1810 evantium,

137 1846 414 1899 Quaecunque
433 1856 531 1883 vere
549 1847 613 1881 est
631 1847 746 1880 casta
763 1851 849 1879 non
868 1835 1095 1878 vitiabitur.

637 1926 677 1967 9.
699 1910 975 1967 Antiphanes.

197 1988 310 2030 Ain?
340 1986 522 2028 oelatum
541 1983 659 2041 quod
676 1982 792 2034 velis,
813 1981 858 2023 id
877 1980 1047 2038 conjugi
1099 1997 1107 2006 ·

140 2064 252 2105 Tuae
273 2060 488 2119 propales?
518 2058 564 2100 id
583 2073 697 2108 vero,
720 2071 878 2113 quaeso,
899 2053 1005 2112 quid
1023 2062 1086 2095 est

141 2135 233 2178 Nisi
252 2133 476 2176 indicinam
495 2132 631 2174 facere
649 2130 731 2172 fori
749 2127 1037 2186 praeconibus?

646 2218 708 2247 10.
729 2203 978 2260 Euripides.

200 2285 319 2326 Vana
337 2292 465 2339 atque
483 2280 618 2322 inanis
636 2278 820 2320 foeminae
835 2276 1027 2320 custodia
1044 2284 1117 2318 est.

145 2360 317 2401 Servare
336 2369 518 2412 namque
536 2352 658 2404 velle,
680 2350 894 2394 servandae
913 2348 992 2391 sibi

134 2433 252 2484 ,Quae
271 2445 355 2472 non
375 2429 428 2470 sit
445 2427 550 2486 ipsa,
570 2425 706 2483 decipi
725 2434 788 2467 est
806 2423 1030 2481 operosius.

512 2515 527 2542 1
539 2514 574 2542 1.
595 2498 836 2556 Menander
854 2497 1110 2538 Flaminica.

203 2575 401 2626 Excedis,
422 2589 544 2626 uxor,
566 2571 763 2615 terminos
782 2569 965 2620 uxorios,

146 2649 329 2703 Quando
347 2648 453 2690 atrio
471 2645 744 2705 progrederis.
796 2645 908 2686 Nam
927 2642 1045 2684 limes
1064 2641 1214 2683 domus

149 2722 358 2770 Matronis
377 2718 577 2778 gravibus
594 2720 771 2763 atriense
791 2727 853 2760 est
864 2716 1025 2759 ‘ostium
1042 2732 1052 2757 ε

1385 254 1464 311 189
