1838 3276
419 234 476 291 58
824 229 1087 278 10ANN1s
1117 228 1358 273 s'mfflm

423 346 548 391 Solus
566 345 761 389 datorum
780 344 937 404 gratias
956 342 1094 387 nullas
1111 343 1215 402 agit,

422 423 644 480 Supraque
662 420 766 463 fines
783 418 1025 476 indigentiae
1043 417 1216 475 indiget.

421 497 619 539 Ventrem
638 494 809 537 domare
828 492 904 550 qui
924 506 1050 534 suum
1069 506 1154 534 non
1174 489 1340 542 sufficit,

421 568 590 612 Malum
609 583 773 611 necesse
792 574 855 608 est
875 579 1038 622 semper
1056 563 1292 607 accumulet
1311 563 1433 606 malo.

985 639 1193 680 Incertus.

479 714 670 760 Multum
688 728 924 771 parumque
942 720 1089 754 venter
1107 726 1161 753 ex
1180 726 1304 768 aequo
1323 709 1448 768 capit.

713 787 931 831 Pallados.
956 783 1154 843 [Anthol.
1178 783 1268 826 Pal.
1291 784 1355 826 X.
1373 783 1468 841 57.]

422 862 572 908 Oderit
590 870 633 905 et
650 869 839 904 ventrem
859 860 994 911 Deus,
1014 867 1057 900 et
1076 873 1174 915 quae
1191 856 1350 914 pabula
1366 856 1526 899 ventri:

480 937 589 979 Haec
607 941 781 994 propter
800 931 904 975 solvi
921 946 1020 974 nam
1039 930 1247 973 mediocre
1266 929 1381 972 solet.

708 1007 935 1066 Agathias.
959 1003 1158 1061 [Anthol.
1176 1002 1266 1046 Pal.
1290 1004 1352 1046 X.
1374 1003 1467 1061 68.]
1621 1051 1623 1055 f

421 1083 572 1126 Mente
590 1080 763 1141 quidem
781 1079 874 1122 laus
892 1086 956 1122 est
972 1078 1018 1120 in
1036 1077 1207 1120 caelibe·
1239 1076 1274 1120 si
1294 1076 1541 1120 tamen-ulla

479 1156 554 1199 Vis
571 1162 711 1213 urget,
732 1169 785 1196 ne
806 1161 848 1196 te
867 1151 1079 1196 masculus
1098 1159 1206 1194 urat
1213 1167 1342 1194 amor.

421 1228 646 1272 Foemellas
663 1224 874 1278 adamare,
892 1225 1053 1269 malum
1071 1225 1188 1268 leve.
1220 1241 1318 1273 nam
1339 1240 1456 1269 secus
1475 1224 1583 1268 illud
1602 1240 1606 1245 ·
1675 1242 1678 1246 ·

479 1303 646 1345 Natura
663 1299 784 1344 nobis
802 1298 1047 1342 conciliante
1064 1297 1214 1356 placet.

421 1376 553 1418 Muta
570 1373 682 1425 vide,
704 1372 738 1415 si
756 1371 833 1424 vis,
854 1370 1106 1414 animantia:
1137 1368 1256 1412 nulla
1273 1369 1459 1413 ferarum
1530 1390 1538 1403 ι

479 1447 714 1506 Egreditur
731 1446 873 1494 foedus
891 1444 1140 1488 connubiale
1156 1460 1301 1487 venus.

423 1520 690 1564 Foemineum
709 1518 857 1562 sociale
875 1516 981 1560 mari
998 1532 1144 1575 genus.
1196 1516 1300 1559 Heu
1319 1515 1443 1559 miser
1461 1516 1602 1568 ardor,
1643 1555 1646 1558 ,
1669 1538 1673 1539 ’
1712 1554 1715 1561 2
1740 1540 1744 1549 f

481 1593 566 1646 Qui
585 1592 730 1636 docuit
748 1600 888 1651 spreta
904 1590 1063 1634 nubere
1081 1589 1174 1648 lege
1192 1589 1315 1632 viros.

940 1675 981 1716 4.
1004 1663 1239 1721 Scsphoeles,

479 1748 512 1771 W
525 1741 632 1793 Quae
651 1738 767 1782 foeda
785 1737 901 1780 factu
919 1736 1036 1780 foeda
1054 1744 1293 1780 memoratu
1307 1745 1414 1795 puta

955 1821 997 1867 5.
1018 1812 1226 1853 Incertus.

482 1884 598 1929 Artis
618 1888 771 1927 severoe
791 1882 983 1941 quisquis
1001 1882 1175 1925 effectus
1193 1891 1320 1935 amat,

424 1959 594 2002 Ventris
611 1959 781 2001 domare
801 1956 927 2022 debet
945 1955 1263 2002 immodestiam.

955 2031 995 2072 6.
1017 2031 1226 2072 Incertus.
1308 2060 1311 2062 -

484 2106 616 2147 Bonae
636 2102 835 2160 magistra
852 2101 1002 2145 mentis
1020 2110 1083 2144 est
1101 2101 1336 2159 frugalitas,

429 2177 614 2222 Consilia
631 2191 792 2234 semper
812 2175 974 2218 saniora
992 2189 1230 2232 suggerens.

812 2261 855 2304 7.
875 2250 1107 2308 Euripides
1125 2248 1370 2292 Erechtheo.

484 2325 554 2369 Ad
573 2323 789 2382 dignitatis
807 2323 892 2366 alta
910 2333 1055 2367 vectus
1073 2323 1258 2366 culmina

427 2399 495 2442 Ne
514 2397 668 2440 civium
687 2397 932 2455 corporibus
949 2397 1102 2440 illudas
1115 2412 1239 2440 cave:

428 2473 485 2514 In
504 2486 590 2513 sese
609 2478 652 2512 et
670 2485 786 2513 enses
804 2469 918 2512 acuit
936 2479 979 2513 et
996 2469 1196 2528 laqueum
1214 2476 1350 2520 vocat,

429 2543 679 2601 Quicunque
697 2543 861 2587 honesti
879 2543 1076 2601 pauperis
1094 2552 1263 2602 spurcat
1280 2542 1468 2585 domum.

886 2666 908 2680 ⁷
923 2658 1023 2691 Refer
1037 2659 1079 2692 ad
1093 2658 1164 2692 Tit.
1178 2658 1308 2691 xxx1.
