1780 3178
364 286 446 330 130
762 267 1019 311 IOANNIS
1049 265 1288 310 STOBAEI

362 380 447 432 Qui
467 379 579 422 solus
597 377 715 421 novit
733 383 1024 435 paupertatem
1043 372 1307 417 abscondere.

360 443 428 496 'At
446 451 549 495 urbs
566 451 778 494 theatrum
798 449 971 507 plenum
990 456 1054 490 est
1071 447 1301 490 infortunii.

795 532 836 578 5.
858 521 1102 564 Memmder
1126 521 1266 564 Omna.

421 598 602 643 Virtutis
621 605 663 641 et
681 595 850 640 vivendi
871 595 1098 638 liberaliter

368 673 625 731 Magistrum
644 671 678 714 si
697 670 792 729 quis
810 669 977 728 quaerit,
997 684 1149 728 agrum
1168 676 1391 727 comparet.

870 744 910 786 6.
932 743 1192 800 Phocybides.

426 817 626 875 Quisquis
649 831 748 874 opes
767 815 935 873 quaerit,
954 815 1091 873 glebae
1111 814 1189 857 sibi
1209 822 1421 872 comparet
1441 811 1569 855 uber:

368 894 479 935 Nam
499 908 572 935 rus
590 900 652 934 est
670 905 767 934 vere
786 889 908 941 illud,
927 889 1056 932 habet
1074 889 1192 947 quod
1212 888 1361 947 Copia,
1381 903 1523 931 cornu.

880 972 919 1018 7.
941 963 1195 1006 Menwnden

427 1041 577 1082 Fortes
596 1044 876 1096 progenerant
895 1035 1031 1093 asperi
1045 1035 1182 1078 victus
1200 1034 1302 1077 loca.

668 1111 706 1152 8.
728 1110 1034 1167 Aristophanes
1054 1108 1406 1153 Acharnensibm.

425 1192 444 1213 c
457 1183 578 1227 Pacis
596 1183 776 1242 cupitor,
797 1198 895 1236 cum
915 1182 1206 1227 suburbanum
1225 1182 1382 1232 intuor,

370 1259 534 1302 Urbem
553 1272 726 1316 perosus
745 1273 817 1299 rus
837 1272 979 1299 meum
998 1256 1202 1307 desidero,

371 1332 497 1384 Quod
517 1346 734 1389 nunquam
753 1330 875 1382 dixit,
899 1330 1127 1381 Carbones,
1148 1329 1333 1388 opsonia,
1406 1379 1412 1382 ξ
1448 1381 1456 1394 ⁸

372 1407 525 1450 Oleum
544 1415 619 1449 aut
637 1415 802 1449 acetum
822 1419 1027 1463 compara.
1080 1404 1193 1447 Nam
1213 1403 1273 1447 nfl
1293 1419 1410 1462 opus

374 1483 523 1539 Ipsum
542 1481 622 1524 ista
641 1480 797 1523 inemta
817 1478 1115 1537 suppeditabat
1133 1477 1283 1520 omnia.

880 1567 918 1610 9.
941 1553 1194 1597 Menwnder.

428 1628 449 1659 d
462 1627 611 1685 Fingis
630 1635 671 1670 te
692 1631 912 1685 agrestem,
934 1641 1031 1669 cum
1050 1641 1195 1670 revera
1214 1625 1268 1668 sis
1287 1624 1431 1667 malus.

730 1713 794 1741 10.
816 1699 980 1744 Aratus
1000 1698 1298 1741 Phaenomenis.

430 1773 520 1815 Nec
540 1771 649 1814 mala
667 1771 717 1813 lis
737 1772 889 1823 fuerat,
911 1771 1092 1815 necdum
1111 1770 1318 1815 discordia
1338 1777 1450 1821 nota,

374 1844 464 1886 Nec
483 1843 573 1886 fera
592 1843 742 1887 seditio
759 1843 938 1887 furiarat
956 1843 1110 1887 mobile
1130 1843 1299 1901 vulgus,

375 1919 496 1960 Saeva
514 1932 589 1959 nec
609 1917 788 1960 audaces
807 1918 976 1961 fuerant
994 1918 1103 1961 freta
1120 1933 1242 1975 passa
1255 1916 1436 1959 carinas:

376 1992 460 2034 Sed
479 1992 621 2034 bubus
640 2000 773 2035 tracto
791 1992 998 2036 sulcantes
1015 2008 1187 2036 vomere
1202 2000 1333 2035 terras

374 2065 595 2107 Malebant
613 2065 730 2108 tenui
750 2066 934 2109 contenti
954 2066 1095 2109 vivere
1113 2066 1248 2117 cultu,

375 2138 613 2181 Sufficiente
633 2139 728 2181 Dea
740 2138 868 2196 justis
886 2138 1018 2196 pleno⁴
1030 2138 1172 2182 omnia
1189 2153 1332 2181 cornu.

377 2200 380 2203 ’
777 2226 842 2255 11.
864 2212 1106 2256 Menander
1125 2211 1316 2270 Hydria.

432 2289 471 2330 Ο
491 2302 619 2344 quam
633 2286 879 2344 jucundum
895 2301 1033 2331 mores
1050 2301 1180 2330 exoso
1197 2284 1329 2330 malos

374 2363 455 2404 Est
472 2361 671 2404 solitudo!

741 2446 805 2478 ια.
827 2433 1132 2491 Ανὸθιφήαπεθ
1151 2433 1342 2475 Nebubis.

434 2508 511 2550 Me
530 2507 617 2549 vita
634 2505 824 2564 apprime
843 2506 1078 2550 delectabat
1095 2505 1264 2558 rustica,

376 2580 605 2632 Incuriosa,
626 2579 798 2632 inculta,
818 2579 1026 2637 squallore
1044 2580 1196 2632 obsita,

377 2652 461 2695 Sed
480 2653 631 2710 apibus
648 2659 691 2696 et
710 2645 943 2710 pecudibus
962 2661 1005 2696 et
1024 2652 1143 2696 olivis
1162 2660 1333 2695 scatens.

560 2820 573 2835 τ
590 2813 688 2844 Refer
701 2814 740 2844 ad
755 2813 822 2846 Tit.
839 2813 915 2845 VII.
1183 2813 1197 2835 δ
1213 2812 1312 2845 Refer
1327 2812 1368 2844 ad
1383 2811 1443 2844 Tit
1468 2812 1518 2844 XI
1523 2834 1532 2843 .
