1780 3178
350 302 434 336 210
754 285 1016 330 IOANNIS
1048 280 1293 327 STOBAEI

353 399 478 456 Quod
499 402 532 444 si
551 416 638 444 rem
658 399 799 458 potius
819 407 979 457 spectes
997 411 1126 456 quam
1143 396 1257 439 vocis
1275 409 1440 446 sonum,

351 476 586 535 Legitimus
605 482 668 517 est
685 473 800 531 frugi
820 471 968 523 omnis,
989 479 1032 513 et
1051 484 1232 528 nequam
1252 469 1420 512 nothus.

773 559 838 587 11.
859 544 1098 602 Euripides
1118 544 1271 601 AEgeo.

410 622 511 663 Non
529 619 723 662 nobilitas
743 617 850 660 tanti
869 625 946 669 est,
967 616 1116 674 quanti

583 691 735 734 Vivere
754 698 877 733 recte.

783 775 848 807 12.
871 762 1094 820 Sophocles
1120 762 1265 803 Tereo.

356 841 499 882 Matre
518 838 651 881 editos
670 853 718 879 ac
737 846 856 894 patre
876 834 1109 879 communis
1126 836 1242 878 fovet

414 914 517 955 Lux
536 911 808 954 obstetricatu
830 926 928 952 suo:

355 988 446 1029 Nec
466 994 590 1028 natus
609 984 714 1027 alter
733 983 864 1026 altero
884 981 1163 1034 excellentior,

417 1059 501 1102 Sed
518 1059 595 1102 hos
614 1057 743 1100 atroci
762 1057 935 1100 verbere

357 1135 550 1177 Fortuna
569 1147 727 1174 saevum
747 1138 921 1173 tractat:
951 1129 1033 1172 illis
1050 1130 1096 1172 in
1115 1129 1253 1172 sinum

414 1205 613 1248 Effundit
631 1205 852 1247 immensas
871 1218 995 1261 opes:

360 1282 470 1323 Sunt
490 1279 700 1322 servitutis
719 1294 825 1336 quos
846 1278 925 1320 sub
943 1276 1093 1319 immiti
1107 1277 1217 1334 jugo

417 1355 587 1396 Pressos
605 1361 720 1395 tenet
739 1351 971 1394 necessitas,

705 1585 1007 1635 TITULUS
1040 1583 1359 1633 LXXXVII.

420 1703 542 1743 NON
571 1702 789 1742 SEMPER
815 1700 1051 1740 LIBEROS
1077 1686 1443 1738 RESPONDERE
1471 1698 1637 1736 BONIS

636 1774 703 1811 AC
733 1771 1039 1811 GENEROSIS
1068 1770 1423 1809 PARENTIBUS.

757 1887 793 1915 1.
815 1873 1053 1930 Euripides
1073 1872 1307 1929 Antigona.

418 1947 586 1990 Prolem'
606 1955 829 2004 parentum
849 1945 966 2003 quod
985 1945 1129 1987 ferunt
1148 1959 1284 1986 mores
1304 1943 1439 2001 sequi,

361 2020 536 2064 Falsum
554 2018 729 2062 revincit
749 2033 859 2075 saepe
878 2024 1075 2059 natorum
1092 2014 1265 2058 indoles.

872 2103 909 2135 2.
932 2089 1195 2146 Phocylides.

387 2202 390 2205 ⁴
419 2166 517 2206 Hoc
537 2179 707 2220 quoque
727 2162 998 2219 Phocylidae:
1030 2177 1128 2218 pars
1145 2160 1330 2202 maxima
1346 2159 1575 2203 nobilitatis

361 2237 436 2280 Nil
454 2245 530 2280 aut
548 2236 717 2280 consilio
737 2235 911 2294 pollent,
932 2242 1007 2277 aut
1026 2250 1128 2277 voce
1147 2234 1312 2277 diserta.

809 2321 852 2364 3.
875 2307 1095 2365 Sophocles
1121 2308 1252 2364 Tyro.

421 2382 565 2422 Tanto
584 2395 712 2436 grege
731 2379 775 2420 in
794 2377 1051 2429 mortalium,

361 2454 462 2496 Non
481 2467 644 2509 semper
663 2467 687 2492 e
707 2450 779 2492 vili
800 2458 894 2492 satu

362 2524 587 2568 Enascitur
607 2539 724 2566 mens
749 2523 952 2580 degener:

360 2599 461 2641 Non
482 2613 644 2655 semper
663 2612 686 2638 e
705 2595 937 2653 propagine

361 2671 472 2714 Boni
491 2678 685 2714 creantur
702 2668 844 2711 nobili.

361 2743 435 2786 Nil
456 2759 590 2800 usque
610 2750 826 2785 constans:
859 2740 932 2782 sed
947 2755 1066 2798 vagae

362 2817 472 2858 Sunt
492 2815 617 2857 rebus
636 2814 831 2857 humanis
851 2814 970 2856 vices.
