1780 3178
415 235 883 284 FLORILEGIUM.
917 239 1022 281 Τιτ.
1043 239 1114 294 38.

99 361 295 416 Namque
315 355 468 399 isthuic
487 353 646 397 homini
663 361 784 412 parte
801 362 887 395 non
907 366 1057 409 magna
1078 350 1149 394 die

100 434 306 483 LocutuS‚
328 431 435 473 bene
447 429 539 487 jam
557 427 697 487 cupio.
742 426 917 485 Sapiens
934 424 1090 468 dixerit

102 508 190 559 Hic
207 505 328 548 forsit
346 504 520 562 aliquis:
552 503 652 546 fflex
672 510 736 545 est
753 501 899 545 oratio.

102 580 242 633 Quid?
273 594 326 621 an
346 593 431 621 non
451 578 556 621 alios
574 577 817 635 eloquentes
834 577 1051 619 exsecror?

104 653 245 696 Suada
264 661 326 695 est
345 651 556 710 loquentis
575 651 676 702 vita,
697 664 782 692 non
800 648 946 691 oratio.

532 724 860 782 mmm-ipsam
878 723 1015 781 Augu

160 808 183 829 Χ
200 799 328 842 Lenit
346 798 530 841 miserias
547 798 724 855 aequitas
738 796 888 840 mentis
906 796 1062 854 probae.

453 951 756 1001 TITULUS
790 949 1091 1000 XXXVIII.

613 1066 689 1105 DE
716 1066 945 1105 1NV1D1A.

635 1179 671 1209 1.
694 1167 926 1209 Philemon.

168 1245 314 1288 Habet
334 1243 543 1302 malignus
560 1242 669 1284 livor
687 1242 768 1285 hoe
786 1241 831 1283 in
847 1256 891 1283 se
907 1241 1022 1292 boni,

112 1319 240 1371 Quod
259 1318 458 1376 eligentes
475 1316 639 1375 insequi
658 1324 812 1359 sectam
830 1328 950 1358 sumn
1011 1319 1014 1322 ’

113 1396 265 1438 Comes
281 1393 417 1436 fidelis
435 1393 550 1435 mille
567 1390 792 1435 discruciat
809 1390 957 1433 modis.

623 1477 662 1510 2.
684 1465 936 1523 Dionysius.

172 1542 263 1583 Nee
282 1539 390 1583 illud
408 1538 539 1597 igitur
558 1539 716 1597 cogitas
734 1537 1026 1589 certissimum,

116 1614 201 1657 His
218 1614 294 1672 qui
311 1613 416 1656 nihil
437 1620 536 1656 sunt
553 1612 742 1672 invidere
759 1611 994 1654 neminem?

117 1688 281 1731 Invidia
299 1688 424 1730 rebus
444 1702 607 1745 semper
624 1686 802 1745 egregiis
821 1701 969 1728 comes.

640 1761 707 1803 rb.
725 1760 935 1802 Incertus.

178 1838 267 1880 Res
285 1835 512 1878 invidenda
530 1842 594 1877 est
613 1833 799 1876 eminens
819 1832 1034 1891 sapientia.

672 1918 714 1963 3.
734 1906 904 1948 Chares.

183 1983 330 2027 Invide
350 1995 569 2041 nunquam
585 1979 742 2023 beatis:
774 1994 828 2022 ne
846 1978 1078 2036 malignum
1091 1986 1139 2020 te
1159 1977 1337 2035 probes(

653 2066 695 2108 4
717 2055 926 2096 Incertus.

184 2131 348 2175 Invidia
365 2145 431 2173 res
450 2137 513 2172 est
531 2128 720 2171 omnium
738 2126 1020 2186 injustissima.

654 2213 696 2258 5.
720 2200 928 2244 Ine-mus.

187 2281 344 2323 Beatus
363 2294 451 2321 esse
470 2287 557 2320 tam
577 2276 652 2319 diu
670 2274 818 2319 videor
834 2275 939 2318 mihi

131 2354 235 2413 Ipsi,
256 2352 438 2396 morderi
457 2337 660 2410 quamdiu
678 2364 747 2393 me
767 2349 911 2392 sentio.

644 2424 683 2467 6.
700 2424 949 2482 Dionysius.

191 2502 259 2544 Ne
276 2498 416 2543 ditiori
434 2512 598 2557 pauper
615 2496 802 2540 invidens
821 2510 932 2539 cave.

656 2569 719 2613 lb.
741 2570 948 2612 Incertus.

194 2648 225 2688 J
227 2661 294 2689 am
314 2645 524 2704 prodeunt
543 2660 650 2703 quos
667 2640 800 2702 pascit
817 2641 1057 2684 invidentia.

601 2807 615 2821 Χ
632 2800 728 2831 Refer
742 2799 782 2830 ad
798 2798 865 2830 Tit.
883 2797 1005 2829 CVIII.
