1780 3178
382 233 852 278 FLORILEGIUM.
883 235 991 279 Τιτ.
1015 236 1109 280 116.
1342 237 1424 294 285

91 349 153 392 Et
171 348 322 392 mentis
341 348 459 392 acies.

591 434 659 480 25.
683 423 933 467 Choeremon.

148 495 226 538 Ad
246 495 560 554 temperandam
577 511 663 540 non
682 496 827 540 valent*
839 496 947 540 iram
965 513 1093 542 senes.

559 581 561 583 ’
611 572 679 615 26.
702 571 911 614 Incertus.

149 643 288 685 Nemo
306 659 372 686 res
390 643 554 701 patrias
565 643 810 702 abligurivit
827 659 968 696 senex,

90 718 187 760 Aut
206 733 263 760 aes
282 717 470 776 nequitia
489 717 697 770 exhausit,
717 726 794 760 aut
812 717 1120 761 meretriculam

92 791 304 844 Redemit,
324 799 401 833 aut
418 790 463 833 in
475 791 550 849 jus
568 791 618 834 iit
635 791 692 834 ob
710 791 863 834 fractas
881 791 1014 834 fores:

92 864 218 908 Adeo
236 864 352 923 frugi
370 873 434 907 est
453 874 656 917 senectus,
677 874 720 908 et
738 865 888 907 misera
906 875 970 908 est
989 874 1140 908 tamen.

498 951 564 995 27.
581 939 847 981 Menecrates
867 939 1027 982 Samio.

93 1011 333 1064 Quaerimus
351 1012 589 1056 absentem:
619 1021 868 1070 praesentem
887 1012 1149 1070 plangimus:
1181 1023 1224 1056 et
1243 1030 1340 1072 quae

152 1087 342 1129 Ventura
360 1094 423 1128 est
441 1085 561 1128 nobis
579 1085 667 1128 sola
684 1092 849 1128 senecta
865 1084 1013 1142 placet.

614 1161 681 1204 28.
704 1161 915 1202 Incertus.

154 1235 307 1293 Longa
325 1234 536 1277 calamitas
555 1233 672 1276 nulla
690 1233 825 1291 major
843 1241 906 1275 est
924 1232 1023 1275 vita.

505 1320 571 1363 29.
594 1307 816 1364 Sfflhocles
835 1307 1017 1363 Scyriis.

152 1382 328 1426 Adsunt
347 1392 522 1425 senectae
540 1381 677 1424 multa
693 1380 819 1424 simul
837 1380 1114 1433 incommoda,

96 1457 224 1501 Mens
242 1471 364 1508 vana,
386 1471 488 1498 cura
504 1454 710 1506 inefficax,
731 1453 850 1497 labor
868 1452 1024 1496 irritus.

617 1543 690 1586 30.
706 1529 916 1587 Sophron.

156 1603 279 1646 Tabe
296 1618 471 1661 corpora
489 1611 672 1645 macerat

98 1678 298 1722 Taediosa
317 1687 521 1720 senectus.

641 1766 713 1809 31.
739 1753 897 1795 Crates.

156 1827 235 1869 Me
254 1835 420 1883 tempus
438 1824 687 1876 incurvavit,
709 1823 903 1882 egregius
922 1823 1055 1876 faber,

101 1900 186 1944 Sed
205 1899 279 1958 qui
298 1898 567 1942 imbecilliora
584 1897 724 1941 reddit
741 1884 894 1940 omnia.

541 1983 611 2029 32.
633 1972 840 2029 Diphilus
860 1972 1004 2013 Puteo.

159 2038 324 2097 Amice,
346 2054 512 2102 tempus
530 2059 688 2102 pravus
706 2052 769 2086 est
783 2043 954 2101 quidem
973 2043 1124 2086 artifex

103 2121 355 2163 Reformans
373 2119 514 2162 omnia
531 2118 576 2161 in
594 2117 842 2161 deteriorem
862 2126 1030 2160 statum.

477 2206 546 2249 33.
570 2193 858 2234 Mimnermus
877 2192 1067 2233 Nemnis.

105 2267 349 2311 Immortale
369 2266 526 2310 malum
547 2265 624 2308 tibi
641 2265 729 2317 dat,
751 2264 953 2316 Tithone,
974 2272 1179 2306 senectam

161 2342 193 2383 J
197 2340 387 2399 uppiter:
419 2340 510 2398 ipsa
527 2339 667 2381 minus
688 2339 824 2390 Mors,
845 2337 949 2379 mihi
967 2337 1105 2389 crede,
1126 2337 1284 2380 malum
1303 2345 1376 2380 est.

643 2424 712 2469 34.
735 2412 908 2454 Ibidem.

165 2488 227 2529 Ac
246 2486 376 2529 veluti
396 2486 536 2528 subito
556 2484 715 2527 somnia
733 2492 1003 2542 praetereunt,

108 2560 178 2603 Sic
198 2569 240 2602 et
259 2559 437 2617 pulchra
448 2559 650 2616 juventa:
681 2556 800 2599 malis
819 2565 990 2599 onerata
1009 2564 1199 2599 senectus
1276 2614 1278 2616 -

167 2633 418 2691 Impendens
437 2632 563 2690 capiti
581 2632 698 2675 foeda
715 2631 1003 2689 supervolitat,

110 2708 468 2763 Contemtumque
487 2706 717 2763 odiumque
735 2705 873 2748 ferens
890 2703 1081 2761 ingloria,
1102 2703 1259 2746 circum

169 2779 279 2820 Cum
301 2793 412 2820 noxa
430 2786 611 2820 mentem
631 2777 816 2820 volvitur
834 2786 961 2834 atque
980 2775 1134 2818 oculos.
