1780 3178
351 250 432 306 238
748 251 1002 294 IOANNIS
1035 251 1278 294 STOBAEI

351 365 441 406 Nos
461 373 607 422 sponte
627 365 778 408 nostris
797 381 880 408 non
899 366 1137 409 adessemus
1155 366 1288 417 malis,

349 437 651 481 Addiceremus
669 439 797 481 corda
815 455 892 481 nec
912 439 1143 482 doloribus.

862 526 877 553 1
888 523 926 567 7..
948 513 1179 555 Philemon.

406 584 450 627 Si
471 600 557 627 rem
578 585 775 636 fatemur,
796 585 984 627 omnium
1004 585 1282 628 miserrimum

348 659 622 715 Quaecunque
641 657 792 700 vivunt
811 658 1081 700 aestimandus
1101 668 1163 702 est
1182 659 1319 701 homo.

348 732 460 773 Nam
480 731 642 773 curiosa
661 739 813 773 cuncta
832 731 1110 774 sollicitudine

347 804 525 848 Rimans
544 805 705 847 laborat
725 821 901 863 semper,
923 814 965 848 et
986 821 1096 863 saepe
1115 807 1280 849 excidit.

344 879 458 922 Tum
479 888 590 922 terra
608 888 741 922 mater
761 880 922 922 caeteris
936 879 1220 923 animantibus

347 954 650 1006 Quotidianum
670 963 818 1012 sponte
835 954 994 996 victum
1015 954 1217 1011 suggerit,

345 1030 465 1071 Dans
485 1037 646 1086 sponte,
668 1037 805 1076 sumat
824 1043 920 1070 cum
941 1028 1058 1070 nihil.
1110 1029 1244 1071 Nobis
1264 1029 1421 1071 malum

346 1104 427 1145 Est
445 1102 517 1145 illa
535 1118 697 1145 nomen.
750 1102 875 1154 Quod
896 1110 1031 1144 satum
1053 1111 1129 1153 est,
1152 1112 1304 1146 sortem
1325 1118 1480 1146 meram

346 1176 538 1219 Resolvit
557 1191 686 1234 aegre:
719 1176 878 1219 foenore
899 1186 947 1218 ut
968 1192 1010 1218 se
1029 1176 1176 1218 liberet

344 1251 518 1308 Allegat
538 1260 687 1293 aestum
707 1250 773 1292 vel
789 1234 1035 1307 pruinosum
1054 1250 1177 1307 gelu:

344 1326 407 1367 Ac
426 1324 548 1375 forte,
571 1324 683 1366 solus
702 1323 874 1380 quando
892 1323 1019 1365 homo
1039 1323 1255 1381 negotium

347 1398 437 1457 Ipsi
454 1398 633 1450 facessit,
655 1397 759 1439 dum
780 1397 889 1439 fodit
909 1397 1053 1439 subter
1073 1413 1213 1455 super,

345 1471 636 1515 Frustratione
655 1471 733 1513 hac
754 1486 796 1512 se
815 1470 993 1512 vicissim
1014 1470 1238 1512 ulciscitun

817 1546 881 1586 18.
906 1545 1046 1587 Batho
1064 1545 1219 1587 AEtolo.

403 1621 593 1678 Lapsum
615 1628 656 1661 te
675 1635 762 1661 esse
781 1618 992 1660 hominem
1013 1618 1117 1675 quid
1138 1618 1234 1660 novi
1250 1622 1335 1661 est?
1367 1634 1461 1661 nam
1478 1618 1684 1677 perpetim

346 1695 485 1738 Vitam
505 1710 628 1751 agere
647 1694 907 1736 fortunatam
927 1692 1110 1750 portenti
1130 1702 1193 1735 est
1212 1692 1314 1735 loco.

842 1781 905 1823 19.
929 1767 1183 1817 Menander.

402 1842 446 1884 Si
466 1841 561 1898 quis
580 1840 742 1882 labores
761 1839 899 1882 nullos
918 1839 1225 1891 detrectaverit,

342 1915 523 1958 Divitias
541 1914 662 1957 facile
682 1914 760 1957 hac
778 1914 1052 1971 indipiscetur
1067 1913 1135 1955 via
1151 1930 1160 1955 :

341 1991 438 2033 Aut
457 1988 619 2046 sapiens
638 1988 724 2039 fiet,
746 1987 963 2045 ingenium
984 1986 1017 2028 si
1037 1996 1252 2035 exerceat3
1292 2018 1295 2019 γ

341 2067 430 2107 Aut
450 2079 588 2115 sanus,
610 2062 789 2120 rigidam
810 2062 1034 2103 observans
1053 2061 1189 2103 victus
1209 2060 1414 2118 regulam.

342 2139 426 2182 Sed
441 2154 527 2181 una
546 2153 611 2180 res
631 2147 693 2180 est
712 2137 840 2179 nullis
860 2153 957 2194 quae
978 2137 1191 2178 laboribus

340 2214 486 2256 Potest
505 2211 657 2269 parari,
678 2226 827 2268 perpes
846 2209 1085 2252 indolentia.

339 2288 452 2329 Nam
470 2301 554 2327 non
574 2285 748 2327 adversa
766 2292 932 2326 tantum
951 2283 1192 2326 moestitiam
1210 2284 1368 2335 ferunt,

341 2361 425 2404 Sed
444 2369 486 2403 et
507 2359 689 2403 secunda
707 2358 878 2416 pariunt
899 2357 1229 2400 sollicitudinem.

748 2446 814 2478 20·
837 2433 1056 2473 Philemon
1077 2432 1265 2488 Ffflhebo.

395 2510 495 2551 Non
515 2516 565 2551 ut
584 2507 752 2549 videtur
771 2507 815 2549 hi
835 2505 910 2564 qui
928 2506 970 2547 in
991 2505 1077 2547 alto
1096 2505 1302 2563 navigant,-

339 2583 424 2626 Soli
438 2584 652 2641 jactantur
673 2580 1004 2638 tempestatibuS,
1022 2579 1201 2631 Laches,

338 2658 421 2701 Sed
442 2667 484 2700 et
501 2657 546 2699 hi
567 2656 800 2714 spatiantur
819 2655 893 2711 qui
912 2654 1143 2712 porticibus
1161 2653 1354 2711 publicis,

336 2733 431 2774 Aut
450 2731 560 2773 intra
579 2739 696 2788 septa
715 2746 757 2772 se
777 2729 998 2772 domorum
1018 2727 1242 2769 continent.

337 2807 399 2848 At
419 2805 477 2847 illi
493 2805 566 2861 qui
589 2820 630 2846 se
649 2803 786 2861 pelagi
806 2802 983 2845 credunt
998 2801 1210 2852 fluctibus,
