1780 3178
351 269 434 315 272
759 254 1023 298 IOANNIS
1055 253 1294 296 STOBAEI

832 380 870 426 7.
895 370 1009 412 Idem
1030 370 1208 412 Cressis.

408 447 552 490 Grave
571 454 633 487 est
652 444 825 486 miseriis
845 453 973 500 atque
992 442 1195 485 dedecore
1214 440 1418 500 opprimi:

350 522 410 563 At
429 520 538 562 ferre
557 519 590 561 si
611 533 699 561 sors
712 517 864 575 jubeat
882 515 1068 558 obducto
1087 514 1198 556 mala

349 592 570 652 Clependa
587 591 695 643 velo,
716 591 830 633 fama
843 605 896 631 ne
915 588 960 630 in
979 587 1158 646 vulgum
1176 596 1299 630 exeat

347 668 593 725 Turbaeque
612 666 750 724 pariat
768 660 940 707 hosticae
959 662 1204 704 ludibrium.
1307 662 1309 665 ’

827 740 869 781 8.
892 739 1010 780 Idem
1031 738 1213 795 Scyriis.

410 814 646 857 Meminere
664 813 819 855 damna
838 821 993 870 tegere,
1015 809 1089 869 qui
1110 810 1293 868 sapiunt,
1315 824 1402 852 sua.

795 958 1101 1019 TITULUS
1135 969 1246 1017 CX.

922 1085 995 1123 DE
1025 1085 1130 1123 SPE.

925 1194 960 1223 1.
982 1181 1133 1223 Linus.

328 1294 333 1301 x
411 1257 567 1300 Omnia
586 1263 684 1298 sunt
704 1255 924 1314 speranda,
945 1254 1050 1297 nihil
1071 1270 1236 1313 sperare
1255 1262 1480 1312 negatum:

351 1334 466 1374 Nam
485 1331 589 1374 nihil
604 1339 666 1374 est
685 1330 802 1388 quod
821 1346 905 1373 non
926 1330 1063 1373 valeat
1082 1329 1226 1372 divina
1243 1338 1451 1388 potestas-⁸

766 1415 807 1447 2.
824 1403 1102 1461 Apollodorus
1122 1403 1292 1445 Pueris.

412 1478 512 1519 Non
530 1476 657 1519 debet
675 1476 840 1518 animus
860 1475 1110 1534 desponderi
1128 1475 1173 1517 in
1193 1474 1380 1534 miseriis,

356 1550 443 1593 Sed
461 1550 742 1608 exspectanda
759 1558 860 1592 sunt
878 1549 1051 1592 meliora
1069 1549 1114 1591 in
1133 1558 1365 1606 posterum.

799 1636 839 1680 3.
861 1623 1100 1681 Euripides
1119 1624 1264 1665 Inone.

416 1698 501 1754 Spe
521 1711 684 1754 semper
703 1696 859 1754 aliqua,
878 1696 954 1753 qui
975 1695 1096 1753 sapit,
1117 1695 1248 1738 vitam
1267 1695 1395 1738 fovet.

870 1781 911 1822 4.
934 1768 1187 1810 Memmder.

417 1842 689 1884 Infortunato
709 1857 803 1900 spes
821 1841 1014 1884 salutaris
1034 1831 1131 1884 Dea
1149 1851 1222 1884 est.

799 1928 840 1973 5.
863 1917 1101 1974 Euripides
1121 1918 1267 1958 Inone.

417 1990 508 2031 Nec
527 1989 605 2031 tibi
624 1989 810 2032 remittat
828 1990 962 2032 fraena
982 1989 1017 2032 F
1017 1998 1181 2032 ortunae
1200 1989 1334 2041 favor,

359 2061 550 2103 Adversa
569 2076 645 2103 nec
666 2076 782 2119 spem
802 2061 961 2119 pectori
980 2061 1196 2104 excutiant
1215 2070 1306 2104 tuo.

772 2134 814 2176 6.
835 2135 1053 2177 Hesiodus
1077 2135 1296 2192 Operibus.

420 2210 519 2252 Sola
537 2209 610 2251 sed
630 2209 796 2252 intactis
814 2224 908 2266 spes
926 2208 970 2250 in
988 2209 1274 2267 penetralibus
1291 2209 1413 2251 haesit

362 2284 561 2341 Margine
581 2300 723 2342 pressa
742 2283 849 2336 cadi,
872 2300 947 2326 nec
967 2300 1010 2326 se
1030 2284 1209 2342 projecit
1226 2283 1271 2326 in
1290 2299 1414 2326 auras

362 2359 605 2407 Evolitans;
639 2358 797 2416 quippe
817 2359 889 2401 illa
908 2359 1058 2402 cadum
1072 2359 1163 2416 jam
1183 2359 1387 2401 clauserat
1405 2367 1513 2401 ante.
1548 2373 1551 2376 ’

670 2442 710 2487 7.
731 2433 971 2490 Euripides
990 2432 1178 2474 Hercule
1197 2433 1396 2475 Furente.

422 2504 566 2547 Etiam
586 2504 797 2547 calamitas
811 2505 903 2562 ipsa
919 2504 1062 2547 lassari
1082 2504 1197 2547 solet.

364 2581 456 2623 Nec
476 2595 639 2638 semper
659 2595 729 2622 aer
749 2579 938 2622 tristibus
956 2579 1099 2621 flabris
1119 2579 1272 2637 gemit:

364 2656 456 2696 Nec
475 2654 544 2697 cui
562 2655 683 2697 beate
702 2669 829 2706 nunc,
851 2662 893 2695 et
911 2653 1010 2695 olim
1032 2653 1088 2695 sic
1108 2653 1197 2705 erit.

364 2728 578 2785 Perpetua
598 2727 724 2770 rebus
743 2726 960 2769 imminent
980 2725 1174 2768 divortia.
