1838 3276
428 313 485 354 40
831 299 982 341 IOAN
986 299 1027 340 N
1031 299 1087 340 IS
1119 296 1356 340 STOBAEI

430 414 536 456 Pars
555 412 746 455 manibus
758 408 923 456 'victum
942 420 1156 470 quaerunt,
1176 419 1370 467 artesque
1389 409 1569 466 fatigant

490 486 676 529 Palladis
695 487 862 544 ingenio
883 485 1198 543 Mulciberique
1216 485 1347 527 datas.

430 561 514 604 Ast
533 559 622 602 aliis
641 561 797 611 Musae,
819 558 962 601 dulces
981 566 1078 600 ante
1096 558 1237 600 omnia
1256 559 1412 608 Musae,

490 632 704 675 Doctrinae
725 631 859 674 multo
878 640 1043 674 nectare
1062 631 1190 674 corda
1209 631 1360 689 rigant.

432 705 557 751 Alter
576 705 797 763 Apollineo
816 705 997 747 donatus
1016 719 1190 747 munere
1207 712 1336 755 vates,

489 781 626 823 Omne
646 779 803 822 malum
824 778 959 821 multo
977 793 1105 836 quam
1125 778 1240 820 venit
1259 786 1356 820 ante
1375 777 1520 820 docet:

433 852 574 896 Verba
591 852 674 902 Dei
692 859 904 909 praestant.
958 851 1068 893 Fato
1087 865 1353 908 quaecunque
1371 858 1512 893 manet
1530 864 1632 901 sors,

492 926 592 967 Non
610 924 719 967 hanc
737 932 897 967 avertet
915 923 1101 977 victima,
1123 924 1197 966 sed
1215 939 1292 966 nec
1311 939 1423 978 aves,

435 998 525 1042 Nec
544 998 619 1055 qui
639 997 830 1040 Paeonias
849 997 974 1054 aegris
992 997 1241 1040 mortalibus
1258 997 1412 1040 herbas

494 1071 615 1128 Saepe
633 1079 864 1113 erraturam
884 1070 994 1113 ferre
1012 1070 1175 1113 laborat
1193 1086 1329 1128 opem.

436 1145 558 1201 Saepe
576 1143 696 1186 dolor
715 1143 852 1186 tenuis
871 1144 1041 1186 morbos
1059 1143 1263 1201 produxit
1281 1144 1467 1195 acerbos,

494 1215 664 1258 Tollere
683 1231 790 1274 quos
809 1216 935 1259 nullis
955 1216 1008 1259 sit
1026 1216 1395 1259 medicaminibus:

438 1289 559 1345 Saepe
578 1288 653 1331 diu
674 1303 784 1331 saevo
797 1280 1004 1346 jactatum
1023 1288 1208 1347 corporis
1223 1298 1329 1332 aestu

497 1362 705 1403 Contactu
726 1375 873 1403 sanum
893 1361 1079 1404 reddidit
1098 1377 1185 1404 una
1202 1378 1363 1406 manus.

440 1434 509 1477 Sic
527 1434 616 1477 fato
636 1449 724 1476 sors
742 1434 840 1477 laeta
859 1435 987 1487 venit,
1010 1436 1218 1478 contraria
1236 1437 1348 1479 fato:

498 1508 589 1549 Nec
607 1507 739 1549 vitare
759 1507 886 1550 datur
905 1522 1002 1565 quae
1021 1508 1216 1566 placuere
1235 1509 1350 1552 Deis.

439 1579 594 1622 Omnia
612 1579 795 1622 confusis
814 1589 912 1623 sunt
925 1581 1051 1638 plena
1069 1582 1337 1636 tumultibus,
1357 1591 1399 1626 et
1418 1599 1505 1641 quo

497 1653 638 1699 Exeat
656 1653 870 1711 inceptum
889 1669 974 1696 non
993 1655 1110 1698 videt
1129 1665 1276 1698 auctor
1293 1671 1412 1714 opus.

440 1724 557 1767 Hinc
576 1726 651 1783 qui
672 1726 844 1770 sollicite
862 1737 1074 1772 momenta
1092 1730 1293 1788 expendit
1310 1731 1478 1789 agendi,

499 1799 751 1857 Imprudens
769 1802 931 1860 magnis
951 1802 1136 1846 luctibus
1154 1804 1371 1847 obruitur:

442 1874 503 1916 Et
522 1883 677 1916 temere
696 1875 901 1933 aggressis
919 1876 1063 1920 divino
1081 1888 1255 1921 munere
1273 1879 1376 1921 felix

499 1946 656 1989 Exitus
675 1948 853 1992 absolvit
872 1964 958 1993 non
977 1951 1090 1994 bona
1107 1952 1287 1995 consilia.

444 2019 617 2063 Divitiis
633 2020 776 2063 nullus
794 2022 947 2066 modus
964 2035 1042 2076 est,
1062 2039 1139 2067 nec
1159 2025 1255 2067 finis
1273 2024 1480 2067 habendi:

502 2093 614 2135 Nam
632 2090 788 2150 quibus
806 2094 997 2152 inprimis
1015 2111 1082 2138 res
1099 2097 1206 2139 nitet
1223 2097 1365 2155 ampla
1382 2098 1512 2149 domi,

445 2164 519 2208 Bis
539 2172 703 2207 tantum
721 2165 913 2223 cupiunt.
963 2169 1026 2210 Et
1043 2169 1140 2225 quis
1159 2170 1370 2212 satiaverit
1388 2173 1555 2212 omnes?

505 2237 709 2279 Humano
726 2237 870 2295 generi
889 2239 1108 2282 commoda
1126 2240 1229 2283 dant
1249 2241 1411 2299 superis

446 2309 680 2352 Commoda
699 2309 773 2353 sed
792 2325 946 2354 noxam
965 2312 1162 2370 pariunt:
1195 2328 1282 2371 qua
1299 2314 1330 2356 J
1332 2313 1502 2371 uppiter
1521 2327 1629 2363 usus

504 2384 693 2437 Vindice,
715 2400 828 2433 nunc
846 2384 982 2437 illum,
1003 2400 1102 2428 mox
1123 2385 1252 2428 alium
1271 2386 1403 2429 feriet.
