1780 3178
455 259 918 304 FLORILEGIUM.
949 259 1052 303 Trr.
1076 260 1170 302 108.

138 378 224 421 Hic
237 377 338 436 jure
356 376 519 436 sapiens
536 384 580 420 et
597 374 737 433 gravis
755 373 1003 419 censebitur.

701 457 768 505 25.
790 447 921 493 Idem.

170 554 172 556 v
194 526 216 556 b
228 524 387 568 Evenit
403 523 525 576 illud,
546 523 664 581 quod
683 522 788 566 solet
805 521 965 575 multis,
985 521 1062 564 tibi
1074 543 1084 563 -.

139 599 223 652 Qui
243 598 340 657 plus
358 598 595 656 cupiscunt,
610 605 733 655 parta
751 611 837 639 non
855 595 1123 640 custodiunt:

140 673 228 715 Sua
245 671 324 714 hos
342 670 519 714 aviditas
538 685 649 728 saepe
667 669 712 711 in
730 667 908 712 exitium
928 667 1067 711 trahit.

615 744 684 789 26.
706 743 998 801 Bacchylides.

197 822 347 864 Unum
366 820 446 863 iter
463 817 686 870 felicitatis,
706 833 819 860 unus
836 816 997 859 homini
1015 816 1233 867 terminus,

141 894 357 938 Tristibus
373 893 486 937 curis
504 891 642 936 soluto
659 890 786 935 eorde
803 889 934 936 vitam
953 889 1119 932 ducere.

139 972 199 1014 At
217 970 374 1028 quibus
392 978 576 1013 mentem
595 975 806 1027 perurunt
824 966 938 1011 mille
952 965 1252 1012 sollicitudines

140 1044 292 1088 Anxiae
310 1059 473 1102 semper
491 1042 642 1096 futuri,
662 1057 739 1084 nec
757 1040 979 1099 quiaecunt
998 1039 1206 1091 noctibus,

142 1117 229 1161 His
246 1117 366 1177 gravi
385 1117 530 1160 labore
547 1124 697 1175 pectus
713 1115 865 1174 flagrat
883 1123 926 1158 et
945 1113 1006 1156 nil
1023 1112 1200 1171 proficit„

512 1199 583 1245 27.
604 1190 804 1247 Scriptor
813 1189 938 1232 awrei
956 1187 1173 1234 cao-mimis.

199 1265 376 1309 Mortali
393 1263 537 1324 generi
556 1279 664 1322 quos
682 1262 758 1305 dat
777 1263 970 1307 Fortuna
987 1260 1167 1311 dolores,

144 1341 314 1383 Partem
333 1339 444 1382 ferre
462 1337 620 1389 datam,
639 1351 716 1378 nec
736 1349 990 1385 succensere,
1010 1344 1232 1375 memento.

538 1411 607 1455 28.
628 1409 894 1468 Antiphanes
913 1408 1101 1465 Auriga.

202 1486 305 1530 Viro
323 1486 388 1529 vir
407 1485 515 1528 illud
534 1486 729 1529 interoet:
760 1483 866 1526 alter
884 1481 997 1530 malo

145 1559 340 1603 Affectus
359 1558 404 1601 id
423 1557 526 1600 dum
539 1557 675 1616 jactat
692 1555 883 1600 accendit
901 1554 1060 1612 magis:

146 1633 272 1677 Alter
291 1631 520 1676 succollans
538 1631 623 1674 fert
640 1630 801 1674 minore
819 1627 1095 1678 incommodo.

707 1716 775 1760 29.
795 1703 927 1745 Idem.

206 1781 447 1824 Generosus
464 1777 540 1836 qui
560 1777 629 1830 sit,
649 1791 771 1834 aeque
788 1775 1003 1819 fortunam
1022 1774 1152 1817 ferat:

149 1855 346 1912 Namque
363 1869 451 1896 esse
472 1851 779 1895 infortunatum
797 1848 984 1907 cujusvis
1001 1856 1131 1906 puto:

150 1927 346 1971 Adversa
363 1935 474 1970 recte
493 1925 685 1977 tolerare,
705 1923 751 1966 id
771 1938 871 1971 vero
888 1922 981 1966 viri.
1136 1966 1137 1969 ,

515 2012 584 2055 3ο.
605 1996 849 2040 Memmder
872 1994 1128 2052 C'oeneplwro.

671 2068 914 2113 Infortunia

117 2182 121 2185 κ
153 2147 333 2206 Inopina
349 2147 500 2205 fugere
517 2160 602 2188 non
621 2152 684 2187 ost
703 2143 747 2186 in
766 2150 909 2185 nostra
926 2155 1067 2183 manu.

710 2232 780 2276 31.
803 2218 935 2260 Idem.

212 2297 420 2339 Decenter
436 2295 546 2337 ferre
564 2293 719 2335 damna
736 2299 778 2334 et
797 2306 864 2333 res
882 2290 1175 2347 improsperas,

157 2369 364 2428 Sapientis
382 2377 444 2411 est
463 2366 644 2410 officium
662 2382 672 2408 :
705 2380 788 2408 non
809 2364 939 2406 ducta
956 2371 1070 2405 retro

157 2442 484 2502 Superciliorum
502 2441 618 2484 nube
636 2439 828 2490 clamare,
849 2437 903 2480 ah
921 2436 1054 2487 dolor,

161 2517 243 2560 Sed
263 2515 466 2575 quicquid
485 2530 573 2558 sors
590 2513 742 2556 indixit
760 2520 998 2555 oonstanter
1015 2510 1117 2567 pati.

631 2600 703 2644 32.
727 2586 839 2628 Idem
860 2585 1017 2626 Plocio.

218 2664 405 2723 Dispelle
424 2662 571 2722 procu]
586 2679 613 2705 a
630 2662 717 2704 vita
734 2658 1060 2705 moestitudinem
1079 2675 1087 2698 :

670 2828 685 2849 Β
701 2828 797 2861 Refer
812 2828 852 2859 ad
865 2827 932 2858 Tit.
948 2828 989 2856 X.

1391 258 1471 314 267
