<?xml version="1.0" encoding="UTF-8"?>
<!DOCTYPE html PUBLIC "-//W3C//DTD XHTML 1.0 Transitional//EN"
    "http://www.w3.org/TR/xhtml1/DTD/xhtml1-transitional.dtd">
<html xmlns="http://www.w3.org/1999/xhtml" xml:lang="en" lang="en">
 <head>
  <title>
</title>
<meta http-equiv="Content-Type" content="text/html;charset=utf-8" />
  <meta name='ocr-system' content='tesseract 3.04.00' />
  <meta name='ocr-capabilities' content='ocr_page ocr_carea ocr_par ocr_line ocrx_word'/>
</head>
<body>
  <div class='ocr_page' id='page_1' title='image "./iannoustovaiouan04stovuoft_0133.png"; bbox 0 0 1780 3178; ppageno 0'>
   <div class='ocr_carea' id='block_1_1' title="bbox 369 238 1059 296">
    <p class='ocr_par' dir='ltr' id='par_1_1' title="bbox 369 238 1059 296">
     <span class='ocr_line' id='line_1_1' title="bbox 369 238 1059 296; baseline -0.003 -13"><span class='ocrx_word' id='word_1_1' title='bbox 369 238 836 283; x_wconf 68' lang='lat' dir='ltr'><strong>FLORILEGIUM.</strong></span> <span class='ocrx_word' id='word_1_2' title='bbox 867 239 967 282; x_wconf 76' lang='lat' dir='ltr'><strong>Trr.</strong></span> <span class='ocrx_word' id='word_1_3' title='bbox 990 252 1059 296; x_wconf 82' lang='lat'><strong>54.</strong></span> 
     </span>
    </p>
   </div>
   <div class='ocr_carea' id='block_1_2' title="bbox 59 346 1129 988">
    <p class='ocr_par' dir='ltr' id='par_1_2' title="bbox 59 346 1129 988">
     <span class='ocr_line' id='line_1_2' title="bbox 502 346 947 390; baseline -0.002 -1"><span class='ocrx_word' id='word_1_4' title='bbox 502 359 572 390; x_wconf 76' lang='lat'><strong>10.</strong></span> <span class='ocrx_word' id='word_1_5' title='bbox 594 347 713 389; x_wconf 73' lang='lat' dir='ltr'><strong>Idem</strong></span> <span class='ocrx_word' id='word_1_6' title='bbox 732 346 947 389; x_wconf 75' lang='lat' dir='ltr'><em>Archelao.</em></span> 
     </span>
     <span class='ocr_line' id='line_1_3' title="bbox 461 417 1049 471; baseline -0.002 -10"><span class='ocrx_word' id='word_1_7' title='bbox 461 418 638 461; x_wconf 78' lang='lat' dir='ltr'><strong>Modica</strong></span> <span class='ocrx_word' id='word_1_8' title='bbox 652 417 730 460; x_wconf 70' lang='lat' dir='ltr'><strong>sed</strong></span> <span class='ocrx_word' id='word_1_9' title='bbox 747 418 868 461; x_wconf 74' lang='lat' dir='ltr'><strong>fortis</strong></span> <span class='ocrx_word' id='word_1_10' title='bbox 883 432 1049 471; x_wconf 79' lang='lat' dir='ltr'><strong>manus,</strong></span> 
     </span>
     <span class='ocr_line' id='line_1_4' title="bbox 62 491 1027 550; baseline 0.001 -16"><span class='ocrx_word' id='word_1_11' title='bbox 62 492 207 537; x_wconf 88' lang='lat' dir='ltr'><strong>Multo</strong></span> <span class='ocrx_word' id='word_1_12' title='bbox 225 491 446 550; x_wconf 77' lang='lat' dir='ltr'><strong>imperanti</strong></span> <span class='ocrx_word' id='word_1_13' title='bbox 464 491 612 536; x_wconf 84' lang='lat' dir='ltr'><strong>melior</strong></span> <span class='ocrx_word' id='word_1_14' title='bbox 629 491 833 534; x_wconf 78' lang='lat' dir='ltr'><strong>immenso</strong></span> <span class='ocrx_word' id='word_1_15' title='bbox 847 491 1027 550; x_wconf 77' lang='lat' dir='ltr'><strong>agmine.</strong></span> 
     </span>
     <span class='ocr_line' id='line_1_5' title="bbox 240 566 859 608; baseline 0 0"><span class='ocrx_word' id='word_1_16' title='bbox 240 569 246 573; x_wconf 83' lang='grc'><strong>”</strong></span> <span class='ocrx_word' id='word_1_17' title='bbox 595 579 614 608; x_wconf 88' lang='lat'>1</span> <span class='ocrx_word' id='word_1_18' title='bbox 623 579 660 608; x_wconf 82' lang='lat'><strong>1.</strong></span> <span class='ocrx_word' id='word_1_19' title='bbox 679 566 859 608; x_wconf 77' lang='lat' dir='ltr'><strong>Ibidem.</strong></span> 
     </span>
     <span class='ocr_line' id='line_1_6' title="bbox 115 636 1129 695; baseline 0 -15"><span class='ocrx_word' id='word_1_20' title='bbox 115 636 349 680; x_wconf 88' lang='lat' dir='ltr'><strong>Pulchrum</strong></span> <span class='ocrx_word' id='word_1_21' title='bbox 368 653 416 680; x_wconf 85' lang='lat' dir='ltr'><strong>ac</strong></span> <span class='ocrx_word' id='word_1_22' title='bbox 435 637 649 689; x_wconf 82' lang='lat' dir='ltr'><strong>decorum,</strong></span> <span class='ocrx_word' id='word_1_23' title='bbox 668 636 799 680; x_wconf 77' lang='lat' dir='ltr'><strong>nobili</strong></span> <span class='ocrx_word' id='word_1_24' title='bbox 818 637 1007 695; x_wconf 79' lang='lat' dir='ltr'>inprimis</span> <span class='ocrx_word' id='word_1_25' title='bbox 1024 637 1129 690; x_wconf 87' lang='lat' dir='ltr'><strong>viro,</strong></span> 
     </span>
     <span class='ocr_line' id='line_1_7' title="bbox 59 708 1016 767; baseline -0.001 -15"><span class='ocrx_word' id='word_1_26' title='bbox 59 709 175 752; x_wconf 85' lang='lat' dir='ltr'><strong>Bene</strong></span> <span class='ocrx_word' id='word_1_27' title='bbox 195 710 339 752; x_wconf 86' lang='lat' dir='ltr'><strong>Marte</strong></span> <span class='ocrx_word' id='word_1_28' title='bbox 356 719 476 767; x_wconf 88' lang='lat' dir='ltr'><strong>gesto</strong></span> <span class='ocrx_word' id='word_1_29' title='bbox 494 708 692 766; x_wconf 86' lang='lat' dir='ltr'>consequi</span> <span class='ocrx_word' id='word_1_30' title='bbox 709 709 866 751; x_wconf 77' lang='lat' dir='ltr'><strong>famam</strong></span> <span class='ocrx_word' id='word_1_31' title='bbox 885 708 1016 759; x_wconf 70' lang='lat' dir='ltr'><strong>ducis,</strong></span> 
     </span>
     <span class='ocr_line' id='line_1_8' title="bbox 489 782 966 827; baseline 0 -2"><span class='ocrx_word' id='word_1_32' title='bbox 489 795 556 827; x_wconf 71' lang='grc' dir='ltr'><strong>η.</strong></span> <span class='ocrx_word' id='word_1_33' title='bbox 576 783 699 825; x_wconf 74' lang='lat' dir='ltr'><strong>Idem</strong></span> <span class='ocrx_word' id='word_1_34' title='bbox 718 782 966 825; x_wconf 65' lang='lat' dir='ltr'><strong>Eoeecbtloeo.</strong></span> 
     </span>
     <span class='ocr_line' id='line_1_9' title="bbox 115 855 984 914; baseline -0.002 -14"><span class='ocrx_word' id='word_1_35' title='bbox 115 857 363 901; x_wconf 80' lang='lat' dir='ltr'><strong>volentibus</strong></span> <span class='ocrx_word' id='word_1_36' title='bbox 381 857 462 899; x_wconf 71' lang='lat' dir='ltr'><strong>Dis</strong></span> <span class='ocrx_word' id='word_1_37' title='bbox 480 870 598 899; x_wconf 77' lang='lat' dir='ltr'><strong>arma</strong></span> <span class='ocrx_word' id='word_1_38' title='bbox 614 855 844 914; x_wconf 73' lang='lat' dir='ltr'><strong>sapientem</strong></span> <span class='ocrx_word' id='word_1_39' title='bbox 862 855 984 904; x_wconf 79' lang='lat' dir='ltr'><strong>decet</strong></span> 
     </span>
     <span class='ocr_line' id='line_1_10' title="bbox 60 930 974 988; baseline -0.003 -13"><span class='ocrx_word' id='word_1_40' title='bbox 60 933 249 984; x_wconf 87' lang='lat' dir='ltr'><strong>Movere,</strong></span> <span class='ocrx_word' id='word_1_41' title='bbox 270 947 354 974; x_wconf 90' lang='lat' dir='ltr'><strong>non</strong></span> <span class='ocrx_word' id='word_1_42' title='bbox 373 930 535 974; x_wconf 84' lang='lat' dir='ltr'><strong>caeleste</strong></span> <span class='ocrx_word' id='word_1_43' title='bbox 555 930 589 973; x_wconf 90' lang='lat' dir='ltr'><strong>si</strong></span> <span class='ocrx_word' id='word_1_44' title='bbox 606 930 830 988; x_wconf 80' lang='lat' dir='ltr'><strong>imperium</strong></span> <span class='ocrx_word' id='word_1_45' title='bbox 850 938 974 972; x_wconf 77' lang='lat' dir='ltr'><strong>vetet.</strong></span> 
     </span>
    </p>
   </div>
   <div class='ocr_carea' id='block_1_3' title="bbox 586 1003 855 1060">
    <p class='ocr_par' dir='ltr' id='par_1_3' title="bbox 586 1003 855 1060">
     <span class='ocr_line' id='line_1_11' title="bbox 586 1003 855 1060; baseline -0.004 -14"><span class='ocrx_word' id='word_1_46' title='bbox 586 1016 653 1060; x_wconf 74' lang='lat'><strong>13.</strong></span> <span class='ocrx_word' id='word_1_47' title='bbox 676 1003 855 1046; x_wconf 59' lang='lat' dir='ltr'><strong>Mna.</strong></span> 
     </span>
    </p>
   </div>
   <div class='ocr_carea' id='block_1_4' title="bbox 117 1056 1161 1136">
    <p class='ocr_par' dir='ltr' id='par_1_4' title="bbox 117 1056 1161 1136">
     <span class='ocr_line' id='line_1_12' title="bbox 117 1056 1161 1136; baseline -0.004 -14"><span class='ocrx_word' id='word_1_48' title='bbox 117 1079 214 1122; x_wconf 90' lang='lat' dir='ltr'><strong>Sine</strong></span> <span class='ocrx_word' id='word_1_49' title='bbox 226 1079 325 1136; x_wconf 88' lang='lat' dir='ltr'><strong>jure</strong></span> <span class='ocrx_word' id='word_1_50' title='bbox 344 1056 503 1121; x_wconf 47' lang='lat' dir='ltr'><strong>bellan&#39;s</strong></span> <span class='ocrx_word' id='word_1_51' title='bbox 516 1090 606 1119; x_wconf 74' lang='lat' dir='ltr'><strong>nou</strong></span> <span class='ocrx_word' id='word_1_52' title='bbox 621 1076 735 1119; x_wconf 79' lang='lat' dir='ltr'><strong>redit</strong></span> <span class='ocrx_word' id='word_1_53' title='bbox 753 1091 894 1134; x_wconf 77' lang='lat' dir='ltr'><strong>sospes</strong></span> <span class='ocrx_word' id='word_1_54' title='bbox 912 1075 1097 1119; x_wconf 83' lang='lat' dir='ltr'><strong>domum.</strong></span> <span class='ocrx_word' id='word_1_55' title='bbox 1150 1100 1161 1106; x_wconf 91' lang='lat'><em>-</em></span> 
     </span>
    </p>
   </div>
   <div class='ocr_carea' id='block_1_5' title="bbox 56 1150 1106 2222">
    <p class='ocr_par' dir='ltr' id='par_1_5' title="bbox 56 1150 1106 2222">
     <span class='ocr_line' id='line_1_13' title="bbox 611 1150 836 1203; baseline 0 -11"><span class='ocrx_word' id='word_1_56' title='bbox 611 1162 684 1203; x_wconf 70' lang='lat'><strong>³4·</strong></span> <span class='ocrx_word' id='word_1_57' title='bbox 706 1150 836 1192; x_wconf 79' lang='lat' dir='ltr'><strong>Idem.</strong></span> 
     </span>
     <span class='ocr_line' id='line_1_14' title="bbox 114 1222 945 1282; baseline -0.008 -11"><span class='ocrx_word' id='word_1_58' title='bbox 114 1227 199 1271; x_wconf 92' lang='lat' dir='ltr'><strong>Odi</strong></span> <span class='ocrx_word' id='word_1_59' title='bbox 218 1234 404 1270; x_wconf 79' lang='lat' dir='ltr'><strong>creatum</strong></span> <span class='ocrx_word' id='word_1_60' title='bbox 421 1223 570 1282; x_wconf 57' lang='grc' dir='ltr'>μαι-ἰῶ</span> <span class='ocrx_word' id='word_1_61' title='bbox 585 1231 632 1265; x_wconf 78' lang='lat' dir='ltr'><strong>et</strong></span> <span class='ocrx_word' id='word_1_62' title='bbox 643 1222 761 1265; x_wconf 75' lang='lat' dir='ltr'><strong>:bello</strong></span> <span class='ocrx_word' id='word_1_63' title='bbox 778 1222 945 1274; x_wconf 70' lang='lat' dir='ltr'><strong>ducem,</strong></span> 
     </span>
     <span class='ocr_line' id='line_1_15' title="bbox 58 1296 777 1354; baseline -0.007 -10"><span class='ocrx_word' id='word_1_64' title='bbox 58 1301 142 1354; x_wconf 84' lang='lat' dir='ltr'><strong>Qui</strong></span> <span class='ocrx_word' id='word_1_65' title='bbox 161 1301 269 1343; x_wconf 84' lang='lat' dir='ltr'><strong>ferre</strong></span> <span class='ocrx_word' id='word_1_66' title='bbox 287 1298 416 1342; x_wconf 88' lang='lat' dir='ltr'><strong>nescit</strong></span> <span class='ocrx_word' id='word_1_67' title='bbox 434 1297 599 1342; x_wconf 79' lang='lat' dir='ltr'>casibus</span> <span class='ocrx_word' id='word_1_68' title='bbox 617 1296 777 1340; x_wconf 79' lang='lat' dir='ltr'><strong>solatia.</strong></span> 
     </span>
     <span class='ocr_line' id='line_1_16' title="bbox 58 1367 910 1430; baseline -0.008 -13"><span class='ocrx_word' id='word_1_69' title='bbox 58 1375 263 1425; x_wconf 82' lang='lat' dir='ltr'>Fortuna,</span> <span class='ocrx_word' id='word_1_70' title='bbox 283 1388 381 1430; x_wconf 85' lang='lat' dir='ltr'><strong>quae</strong></span> <span class='ocrx_word' id='word_1_71' title='bbox 400 1387 465 1413; x_wconf 89' lang='lat' dir='ltr'><strong>res</strong></span> <span class='ocrx_word' id='word_1_72' title='bbox 484 1377 637 1425; x_wconf 87' lang='lat' dir='ltr'><strong>versat,</strong></span> <span class='ocrx_word' id='word_1_73' title='bbox 655 1369 783 1412; x_wconf 89' lang='lat' dir='ltr'><strong>iratos</strong></span> <span class='ocrx_word' id='word_1_74' title='bbox 802 1367 881 1411; x_wconf 85' lang='lat' dir='ltr'>sibi</span> <span class='ocrx_word' id='word_1_75' title='bbox 907 1380 910 1381; x_wconf 71' lang='grc'>’</span> 
     </span>
     <span class='ocr_line' id='line_1_17' title="bbox 58 1440 967 1501; baseline -0.01 -10"><span class='ocrx_word' id='word_1_76' title='bbox 58 1449 213 1490; x_wconf 84' lang='lat' dir='ltr'><strong>Secura</strong></span> <span class='ocrx_word' id='word_1_77' title='bbox 230 1446 352 1488; x_wconf 89' lang='lat' dir='ltr'><strong>ridet.</strong></span> <span class='ocrx_word' id='word_1_78' title='bbox 404 1444 489 1496; x_wconf 84' lang='lat' dir='ltr'><strong>Qui</strong></span> <span class='ocrx_word' id='word_1_79' title='bbox 508 1443 630 1501; x_wconf 88' lang='lat' dir='ltr'><strong>sapit,</strong></span> <span class='ocrx_word' id='word_1_80' title='bbox 650 1442 685 1484; x_wconf 84' lang='lat' dir='ltr'><strong>si</strong></span> <span class='ocrx_word' id='word_1_81' title='bbox 703 1440 810 1499; x_wconf 89' lang='lat' dir='ltr'><strong>quid</strong></span> <span class='ocrx_word' id='word_1_82' title='bbox 828 1440 967 1482; x_wconf 87' lang='lat' dir='ltr'><strong>minus</strong></span> 
     </span>
     <span class='ocr_line' id='line_1_18' title="bbox 57 1513 1018 1570; baseline -0.009 -7"><span class='ocrx_word' id='word_1_83' title='bbox 57 1521 191 1563; x_wconf 83' lang='lat' dir='ltr'><strong>Recte</strong></span> <span class='ocrx_word' id='word_1_84' title='bbox 209 1518 417 1570; x_wconf 86' lang='lat' dir='ltr'><strong>ceciderit,</strong></span> <span class='ocrx_word' id='word_1_85' title='bbox 437 1525 527 1560; x_wconf 82' lang='lat' dir='ltr'><strong>arte</strong></span> <span class='ocrx_word' id='word_1_86' title='bbox 545 1523 779 1559; x_wconf 78' lang='lat' dir='ltr'><strong>correctum</strong></span> <span class='ocrx_word' id='word_1_87' title='bbox 795 1513 928 1556; x_wconf 69' lang='lat' dir='ltr'><strong>dubit.</strong></span> <span class='ocrx_word' id='word_1_88' title='bbox 1015 1521 1018 1524; x_wconf 84' lang='grc'>’</span> 
     </span>
     <span class='ocr_line' id='line_1_19' title="bbox 498 1586 949 1645; baseline -0.009 -14"><span class='ocrx_word' id='word_1_89' title='bbox 498 1599 562 1645; x_wconf 85' lang='lat'><strong>15.</strong></span> <span class='ocrx_word' id='word_1_90' title='bbox 584 1588 703 1630; x_wconf 78' lang='lat' dir='ltr'><strong>Idem</strong></span> <span class='ocrx_word' id='word_1_91' title='bbox 724 1586 949 1629; x_wconf 72' lang='lat' dir='ltr'><strong>Tmmisi.</strong></span> 
     </span>
     <span class='ocr_line' id='line_1_20' title="bbox 114 1661 1092 1723; baseline -0.006 -15"><span class='ocrx_word' id='word_1_92' title='bbox 114 1667 201 1708; x_wconf 86' lang='lat' dir='ltr'><strong>Ars</strong></span> <span class='ocrx_word' id='word_1_93' title='bbox 218 1663 460 1723; x_wconf 83' lang='lat' dir='ltr'><strong>imperantis</strong></span> <span class='ocrx_word' id='word_1_94' title='bbox 470 1663 616 1721; x_wconf 83' lang='lat' dir='ltr'><strong>prima</strong></span> <span class='ocrx_word' id='word_1_95' title='bbox 632 1677 752 1704; x_wconf 86' lang='lat' dir='ltr'><strong>nosse</strong></span> <span class='ocrx_word' id='word_1_96' title='bbox 770 1661 932 1704; x_wconf 83' lang='lat' dir='ltr'><strong>hostem</strong></span> <span class='ocrx_word' id='word_1_97' title='bbox 950 1674 1092 1713; x_wconf 78' lang='lat' dir='ltr'><strong>sumn,</strong></span> 
     </span>
     <span class='ocr_line' id='line_1_21' title="bbox 56 1733 913 1795; baseline -0.008 -13"><span class='ocrx_word' id='word_1_98' title='bbox 56 1740 118 1782; x_wconf 82' lang='lat' dir='ltr'><strong>Et</strong></span> <span class='ocrx_word' id='word_1_99' title='bbox 136 1738 239 1782; x_wconf 87' lang='lat' dir='ltr'><strong>scire</strong></span> <span class='ocrx_word' id='word_1_100' title='bbox 258 1753 344 1795; x_wconf 89' lang='lat' dir='ltr'><strong>qua</strong></span> <span class='ocrx_word' id='word_1_101' title='bbox 363 1737 416 1779; x_wconf 86' lang='lat' dir='ltr'><strong>sit</strong></span> <span class='ocrx_word' id='word_1_102' title='bbox 435 1744 554 1794; x_wconf 77' lang='lat' dir='ltr'><strong>parte</strong></span> <span class='ocrx_word' id='word_1_103' title='bbox 573 1749 791 1778; x_wconf 88' lang='lat' dir='ltr'><strong>concessus</strong></span> <span class='ocrx_word' id='word_1_104' title='bbox 806 1733 913 1793; x_wconf 72' lang='lat' dir='ltr'><strong>capi.</strong></span> 
     </span>
     <span class='ocr_line' id='line_1_22' title="bbox 500 1809 829 1852; baseline -0.009 1"><span class='ocrx_word' id='word_1_105' title='bbox 500 1829 503 1832; x_wconf 92' lang='grc'><em>·</em></span> <span class='ocrx_word' id='word_1_106' title='bbox 613 1811 678 1852; x_wconf 92' lang='lat'><strong>16.</strong></span> <span class='ocrx_word' id='word_1_107' title='bbox 695 1809 829 1850; x_wconf 73' lang='lat' dir='ltr'><strong><em>Idm.</em></strong></span> 
     </span>
     <span class='ocr_line' id='line_1_23' title="bbox 116 1882 1030 1943; baseline -0.005 -14"><span class='ocrx_word' id='word_1_108' title='bbox 116 1886 183 1929; x_wconf 91' lang='lat' dir='ltr'><strong>Sic</strong></span> <span class='ocrx_word' id='word_1_109' title='bbox 202 1884 424 1943; x_wconf 89' lang='lat' dir='ltr'><strong>imperabis</strong></span> <span class='ocrx_word' id='word_1_110' title='bbox 443 1899 556 1941; x_wconf 88' lang='lat' dir='ltr'><strong>ergo.</strong></span> <span class='ocrx_word' id='word_1_111' title='bbox 606 1884 712 1925; x_wconf 83' lang='lat' dir='ltr'><strong>Dux</strong></span> <span class='ocrx_word' id='word_1_112' title='bbox 731 1891 874 1929; x_wconf 71' lang='lat' dir='ltr'><strong>autem</strong></span> <span class='ocrx_word' id='word_1_113' title='bbox 891 1882 1030 1924; x_wconf 74' lang='lat' dir='ltr'><strong>bonus</strong></span> 
     </span>
     <span class='ocr_line' id='line_1_24' title="bbox 58 1955 973 2017; baseline -0.005 -15"><span class='ocrx_word' id='word_1_114' title='bbox 58 1961 205 2017; x_wconf 83' lang='lat' dir='ltr'><strong>AEquo</strong></span> <span class='ocrx_word' id='word_1_115' title='bbox 223 1973 386 2000; x_wconf 85' lang='lat' dir='ltr'><strong>necesse</strong></span> <span class='ocrx_word' id='word_1_116' title='bbox 403 1965 466 1999; x_wconf 87' lang='lat' dir='ltr'><strong>est</strong></span> <span class='ocrx_word' id='word_1_117' title='bbox 477 1957 576 2014; x_wconf 86' lang='lat' dir='ltr'><strong>jure</strong></span> <span class='ocrx_word' id='word_1_118' title='bbox 595 1965 712 2013; x_wconf 87' lang='lat' dir='ltr'><strong>regat</strong></span> <span class='ocrx_word' id='word_1_119' title='bbox 731 1955 973 1998; x_wconf 78' lang='lat' dir='ltr'><strong>exercitum.</strong></span> 
     </span>
     <span class='ocr_line' id='line_1_25' title="bbox 500 2030 956 2084; baseline -0.004 -11"><span class='ocrx_word' id='word_1_120' title='bbox 500 2042 564 2084; x_wconf 85' lang='lat'><strong>17.</strong></span> <span class='ocrx_word' id='word_1_121' title='bbox 586 2030 704 2072; x_wconf 77' lang='lat' dir='ltr'><strong>Idem</strong></span> <span class='ocrx_word' id='word_1_122' title='bbox 731 2030 956 2072; x_wconf 69' lang='lat' dir='ltr'><strong>Temeniai.</strong></span> 
     </span>
     <span class='ocr_line' id='line_1_26' title="bbox 116 2103 1106 2164; baseline -0.005 -15"><span class='ocrx_word' id='word_1_123' title='bbox 116 2108 238 2164; x_wconf 83' lang='lat' dir='ltr'><strong>Saepe</strong></span> <span class='ocrx_word' id='word_1_124' title='bbox 256 2104 438 2163; x_wconf 85' lang='lat' dir='ltr'><strong>imperiti</strong></span> <span class='ocrx_word' id='word_1_125' title='bbox 458 2104 588 2146; x_wconf 90' lang='lat' dir='ltr'><strong>robur</strong></span> <span class='ocrx_word' id='word_1_126' title='bbox 608 2103 653 2145; x_wconf 89' lang='lat' dir='ltr'><strong>in</strong></span> <span class='ocrx_word' id='word_1_127' title='bbox 672 2103 873 2148; x_wconf 75' lang='lat' dir='ltr'><strong>damnum</strong></span> <span class='ocrx_word' id='word_1_128' title='bbox 892 2111 1022 2160; x_wconf 81' lang='lat' dir='ltr'><strong>patet.</strong></span> <span class='ocrx_word' id='word_1_129' title='bbox 1103 2109 1106 2112; x_wconf 77' lang='grc'><em>’</em></span> 
     </span>
     <span class='ocr_line' id='line_1_27' title="bbox 491 2178 958 2222; baseline -0.004 -1"><span class='ocrx_word' id='word_1_130' title='bbox 491 2179 555 2222; x_wconf 90' lang='lat'><strong>18.</strong></span> <span class='ocrx_word' id='word_1_131' title='bbox 573 2179 691 2221; x_wconf 74' lang='lat' dir='ltr'><strong>Idem</strong></span> <span class='ocrx_word' id='word_1_132' title='bbox 712 2178 958 2220; x_wconf 70' lang='lat' dir='ltr'><strong>Phoenissis.</strong></span> 
     </span>
    </p>
   </div>
   <div class='ocr_carea' id='block_1_6' title="bbox 117 2249 1136 2312">
    <p class='ocr_par' dir='ltr' id='par_1_6' title="bbox 117 2249 1136 2312">
     <span class='ocr_line' id='line_1_28' title="bbox 117 2249 1136 2312; baseline -0.008 -13"><span class='ocrx_word' id='word_1_133' title='bbox 117 2257 237 2298; x_wconf 82' lang='lat' dir='ltr'><strong>Tuta</strong></span> <span class='ocrx_word' id='word_1_134' title='bbox 255 2269 384 2312; x_wconf 90' lang='lat' dir='ltr'><strong>quam</strong></span> <span class='ocrx_word' id='word_1_135' title='bbox 404 2252 606 2295; x_wconf 83' lang='lat' dir='ltr'><strong>ferociora</strong></span> <span class='ocrx_word' id='word_1_136' title='bbox 625 2250 747 2292; x_wconf 81' lang='lat' dir='ltr'><strong>malle</strong></span> <span class='ocrx_word' id='word_1_137' title='bbox 766 2250 983 2292; x_wconf 75' lang='lat' dir='ltr'><strong>ductorem</strong></span> <span class='ocrx_word' id='word_1_138' title='bbox 1002 2249 1136 2292; x_wconf 89' lang='lat' dir='ltr'><strong>decet.</strong></span> 
     </span>
    </p>
   </div>
   <div class='ocr_carea' id='block_1_7' title="bbox 117 2320 995 2456">
    <p class='ocr_par' dir='ltr' id='par_1_7' title="bbox 117 2320 995 2456">
     <span class='ocr_line' id='line_1_29' title="bbox 450 2320 995 2379; baseline -0.007 -13"><span class='ocrx_word' id='word_1_139' title='bbox 450 2337 512 2379; x_wconf 88' lang='lat'><strong>19.</strong></span> <span class='ocrx_word' id='word_1_140' title='bbox 536 2323 654 2365; x_wconf 80' lang='lat' dir='ltr'><strong>Idem</strong></span> <span class='ocrx_word' id='word_1_141' title='bbox 669 2320 995 2378; x_wconf 69' lang='lat' dir='ltr'><strong>Bellerophonte.</strong></span> 
     </span>
     <span class='ocr_line' id='line_1_30' title="bbox 117 2391 983 2456; baseline -0.01 -13"><span class='ocrx_word' id='word_1_142' title='bbox 117 2402 303 2443; x_wconf 89' lang='lat' dir='ltr'><strong>Cruenta</strong></span> <span class='ocrx_word' id='word_1_143' title='bbox 320 2396 478 2456; x_wconf 87' lang='lat' dir='ltr'><strong>gaudet</strong></span> <span class='ocrx_word' id='word_1_144' title='bbox 496 2395 671 2438; x_wconf 88' lang='lat' dir='ltr'><strong>vulnera</strong></span> <span class='ocrx_word' id='word_1_145' title='bbox 689 2391 983 2436; x_wconf 62' lang='lat' dir='ltr'><strong>obvokvidolis</strong></span> 
     </span>
    </p>
   </div>
   <div class='ocr_carea' id='block_1_8' title="bbox 58 2464 1110 2525">
    <p class='ocr_par' dir='ltr' id='par_1_8' title="bbox 58 2464 1110 2525">
     <span class='ocr_line' id='line_1_31' title="bbox 58 2464 1110 2525; baseline -0.009 -9"><span class='ocrx_word' id='word_1_146' title='bbox 58 2473 255 2524; x_wconf 78' lang='lat' dir='ltr'><strong>Victoria,</strong></span> <span class='ocrx_word' id='word_1_147' title='bbox 275 2471 433 2514; x_wconf 83' lang='lat' dir='ltr'><strong>almum</strong></span> <span class='ocrx_word' id='word_1_148' title='bbox 451 2484 619 2512; x_wconf 89' lang='lat' dir='ltr'><strong>numen.</strong></span> <span class='ocrx_word' id='word_1_149' title='bbox 669 2469 841 2525; x_wconf 77' lang='lat' dir='ltr'><strong>Exspes</strong></span> <span class='ocrx_word' id='word_1_150' title='bbox 853 2464 1110 2524; x_wconf 73' lang='lat' dir='ltr'><strong>atqueiners</strong></span> 
     </span>
    </p>
   </div>
   <div class='ocr_carea' id='block_1_9' title="bbox 58 2538 928 2659">
    <p class='ocr_par' dir='ltr' id='par_1_9' title="bbox 58 2538 928 2659">
     <span class='ocr_line' id='line_1_32' title="bbox 58 2538 899 2589; baseline -0.01 0"><span class='ocrx_word' id='word_1_151' title='bbox 58 2547 138 2589; x_wconf 87' lang='lat' dir='ltr'><strong>Via</strong></span> <span class='ocrx_word' id='word_1_152' title='bbox 156 2545 351 2588; x_wconf 84' lang='lat' dir='ltr'><strong>veritatis.</strong></span> <span class='ocrx_word' id='word_1_153' title='bbox 402 2545 522 2585; x_wconf 81' lang='lat' dir='ltr'><strong>Mars</strong></span> <span class='ocrx_word' id='word_1_154' title='bbox 540 2551 653 2584; x_wconf 80' lang='lat' dir='ltr'><strong>amat</strong></span> <span class='ocrx_word' id='word_1_155' title='bbox 671 2538 899 2584; x_wconf 82' lang='lat' dir='ltr'><strong>mendacia.</strong></span> 
     </span>
     <span class='ocr_line' id='line_1_33' title="bbox 149 2608 928 2659; baseline -0.01 3"><span class='ocrx_word' id='word_1_156' title='bbox 149 2608 153 2610; x_wconf 74' lang='grc'>’</span> <span class='ocrx_word' id='word_1_157' title='bbox 525 2628 590 2659; x_wconf 85' lang='lat'><strong>20.</strong></span> <span class='ocrx_word' id='word_1_158' title='bbox 612 2615 730 2657; x_wconf 71' lang='lat' dir='ltr'><strong>Idem</strong></span> <span class='ocrx_word' id='word_1_159' title='bbox 750 2614 928 2655; x_wconf 69' lang='lat' dir='ltr'><strong>Helena.</strong></span> 
     </span>
    </p>
   </div>
   <div class='ocr_carea' id='block_1_10' title="bbox 118 2686 1058 2755">
    <p class='ocr_par' dir='ltr' id='par_1_10' title="bbox 118 2686 1058 2755">
     <span class='ocr_line' id='line_1_34' title="bbox 118 2686 1058 2755; baseline -0.007 -22"><span class='ocrx_word' id='word_1_160' title='bbox 118 2691 293 2755; x_wconf 71' lang='lat' dir='ltr'><strong>Audere</strong></span> <span class='ocrx_word' id='word_1_161' title='bbox 313 2704 440 2747; x_wconf 88' lang='lat' dir='ltr'><strong>supra</strong></span> <span class='ocrx_word' id='word_1_162' title='bbox 458 2704 585 2746; x_wconf 88' lang='lat' dir='ltr'><strong>quam</strong></span> <span class='ocrx_word' id='word_1_163' title='bbox 606 2703 735 2745; x_wconf 81' lang='lat' dir='ltr'><strong>queas</strong></span> <span class='ocrx_word' id='word_1_164' title='bbox 754 2686 1058 2729; x_wconf 71' lang='lat' dir='ltr'><strong>dementiaest.</strong></span> 
     </span>
    </p>
   </div>
   <div class='ocr_carea' id='block_1_11' title="bbox 1318 249 1396 296">
    <p class='ocr_par' dir='ltr' id='par_1_11' title="bbox 1318 249 1396 296">
     <span class='ocr_line' id='line_1_35' title="bbox 1318 249 1396 296; baseline 0.013 -14"><span class='ocrx_word' id='word_1_165' title='bbox 1318 249 1396 296; x_wconf 76' lang='lat'><strong>125</strong></span> 
     </span>
    </p>
   </div>
  </div>
 </body>
</html>
