1780 3178
417 249 879 294 FLORILEGIUM.
910 250 1015 292 Trr.
1037 260 1104 306 73.
1355 246 1432 289 181

590 369 664 412 43.
684 355 941 398 Menander.

158 431 286 472 Tunc
305 429 484 471 maxime
504 428 690 471 timenda
707 427 873 480 mulier,
893 443 991 470 cum
1010 427 1205 470 admovet

100 504 311 548 Orationis
329 504 542 547 benevolae
560 502 824 550 illectamina.
870 542 872 544 ,

137 574 139 576 ’
655 591 728 631 44.
749 578 879 619 Idem.

158 653 306 694 Anum
325 651 487 694 irritare
506 666 635 709 quam
653 666 798 694 canem
818 659 962 693 tutum
981 659 1045 691 est
1063 649 1211 691 minus.

655 735 726 781 45.
746 725 877 767 Idem.

157 799 363 841 Meretrix
383 799 606 841 honestum
625 797 732 855 quid
751 797 804 839 sit
822 811 1039 854 nunquam
1060 796 1230 854 cogitat,

99 874 163 916 Ut
182 889 279 931 quae
298 872 504 916 malitiam·
516 872 699 931 quaestui
718 871 873 914 habeat
890 871 1085 913 maximo.

653 947 723 1000 46.
746 946 876 992 Idem.

155 1019 317 1062 Mulier
336 1028 485 1076 suopte
503 1017 672 1076 ingenio
689 1017 870 1060 effraenis
888 1026 931 1060 et
948 1017 1040 1058 fera
1057 1025 1130 1058 est.

464 1102 535 1147 47.
556 1092 774 1134 Hesiodus
799 1090 1059 1148 Tlaeogonia.

155 1163 272 1206 Hinc
290 1164 396 1206 adeo
415 1170 585 1206 enatum
605 1172 668 1206 est
685 1178 821 1220 genus
838 1161 1005 1204 exitiale
1022 1161 1245 1217 ferumque

98 1239 304 1291 Foemina,
326 1239 419 1281 dira
436 1239 528 1281 lues
547 1237 667 1295 stirpi
686 1237 840 1280 sociata
858 1236 982 1288 virili,

6 1364 9 1367 .
97 1313 181 1355 Cui
200 1313 316 1356 cordi
335 1313 472 1365 satias,
493 1312 724 1369 odiumque
742 1321 805 1354 est
823 1310 1020 1369 pauperis
1039 1309 1130 1373 aevi.

580 1386 651 1439 48.
672 1385 949 1443 Antiphmaes.

154 1459 305 1501 Unum
324 1458 488 1500 mulieri
507 1457 624 1515 quod
643 1457 770 1500 credo
787 1456 868 1499 hoc
888 1464 964 1507 est,
985 1454 1145 1509 vivere}

7 1551 19 1577 ·,
98 1531 330 1575 Semel-ubi
348 1531 529 1584 desierit,
549 1546 634 1574 non
653 1531 857 1573 victuram
877 1529 1028 1571 denuo.

97 1605 238 1660 Ultra,
259 1622 393 1664 usque
411 1605 467 1648 ad
486 1616 678 1656 mortem,
698 1603 803 1646 nihil
821 1602 1022 1660 estquod
1041 1601 1079 1643 ei
1097 1600 1297 1643 creduim.

288 1674 294 1681 ἃ
488 1693 558 1735 49.
579 1678 797 1721 Hesiodw
819 1678 1041 1735 Operibus.

156 1753 240 1796 His
254 1769 334 1811 ego
346 1769 425 1811 pro
438 1762 562 1810 rapto
575 1752 673 1810 igne
687 1751 847 1794 malum
861 1751 988 1803 dabo,
1002 1749 1118 1808 quod
1134 1759 1273 1792 tamen
1287 1763 1431 1791 omnes

98 1829 222 1871 Laeto
240 1827 365 1870 corde
384 1827 523 1870 colant
540 1835 583 1869 et
601 1834 742 1869 ament
760 1841 838 1868 sua
854 1825 1010 1868 damna
1026 1824 1225 1866 foventes.

625 1913 695 1955 50.
717 1899 895 1942 Ibidem.

155 1977 301 2019 Indita
319 1991 436 2018 mens
453 1975 513 2017 issi
531 1973 675 2026 fallax,
693 1988 769 2016 nec
787 1988 920 2031 gnara
936 1972 1081 2015 vereri.

645 2060 716 2103 51.
739 2047 872 2089 Idem.

155 2123 220 2166 Illi
241 2122 479 2166 Mercurius
499 2121 643 2164 subter
660 2120 893 2179 praeoordia
910 2119 1004 2162 fixit

95 2196 364 2249 Blanditiam,
383 2195 593 2252 falsosque
611 2194 745 2246 dolos,
765 2194 1024 2250 mentitaque
1044 2193 1182 2235 verba.

476 2279 546 2325 51.
568 2268 790 2326 Scfflkocks
808 2268 1044 2324 Epigonis.

154 2349 192 2389 O
213 2361 336 2388 omne
354 2344 517 2388 facinus
534 2359 637 2386 ausa
654 2342 752 2401 plus
768 2357 898 2400 quam
915 2342 1097 2384 foemma.

658 2418 867 2459 Incertus.

155 2496 196 2536 N
199 2510 245 2536 ec
264 2502 341 2544 est,
360 2507 437 2534 nec
454 2491 553 2533 olim
575 2490 609 2531 si
626 2490 718 2531 lues
736 2497 882 2546 surget
899 2503 1021 2539 nova,

33 2605 38 2609 .
98 2568 247 2612 Ullum
267 2566 347 2609 erit
364 2565 604 2613 hominibus
622 2563 795 2606 foemina
811 2561 983 2620 gravius
999 2560 1172 2604 malum.

527 2674 532 2677 ,
575 2650 646 2696 52.
668 2638 947 2695 Antiphanes.

154 2716 244 2769 Vir,
265 2714 339 2772 qui
360 2713 553 2756 laborans
571 2712 703 2755 oculis
722 2710 858 2754 multa
876 2711 958 2752 fert
979 2708 1102 2757 mala,

718 2796 817 2839 NS-
