1838 3276
409 285 465 337 46
814 280 1072 324 IOANNIS
1103 280 1348 325 STOBAEI

653 395 907 437 Nicarchus.
931 393 1129 451 [Anthol.
1152 394 1242 437 Pal.
1265 395 1354 438 XI.
1380 395 1496 453 169.]

389 472 391 477 '
412 471 698 526 Suspensurus
716 468 807 510 heri
826 483 913 510 sese
931 468 1196 526 parcissimus
1215 469 1355 521 Almo,

467 545 648 601 Propter
667 557 739 585 sex
757 541 902 584 obolos
919 541 1070 593 noluit,
1091 542 1216 594 Aule,
1238 543 1355 585 mori.

409 619 604 674 Namque
623 615 703 658 hoc
722 614 842 657 restis
859 621 950 657 erat
968 613 1180 672 pretium:
1211 614 1415 657 deterruit
1434 614 1583 672 ingens

466 692 662 732 Sumtus:
694 696 751 739 et,
773 689 912 739 Heus,
932 687 1039 730 tanti
1058 702 1143 729 non
1163 686 1404 738 moriemur,
1425 687 1495 730 ait.
1575 710 1580 713 ¹

409 765 607 805 Summus
625 760 811 804 avaritiae
829 759 981 802 modus
1000 759 1083 812 hic,
1105 768 1201 818 post
1219 759 1346 802 taedia
1363 760 1463 803 vitoe

464 837 643 892 Propter
663 848 735 876 sex
753 832 898 875 obolos
917 847 1002 874 non
1021 832 1202 875 voluisse
1220 833 1339 875 mori.

688 909 901 949 Incertus.
920 905 1119 962 [Anthol.
1142 907 1233 949 Pal.
1257 908 1345 950 IX.
1365 909 1458 966 45.]

404 983 585 1024 Invento
602 981 801 1038 laqueum
820 979 993 1036 quidam
1012 980 1243 1038 projecerat
1262 996 1390 1024 auro:

459 1056 632 1097 Aurum
650 1053 719 1095 cui
737 1052 861 1110 periit
879 1067 922 1094 se
941 1052 1084 1096 necuit
1101 1052 1263 1110 laqueo.

671 1126 872 1168 Incertus.
898 1123 1096 1182 [Anthol.
1119 1126 1210 1169 Pal.
1233 1127 1316 1169 XI.
1342 1127 1459 1185 170.]

402 1201 499 1243 Non
518 1200 620 1258 quia
638 1214 749 1242 mors
768 1199 911 1250 instat,
932 1199 1005 1241 sed
1024 1199 1142 1256 quod
1162 1214 1234 1242 sex
1253 1199 1415 1242 assibus
1434 1200 1535 1243 emit

459 1272 741 1330 SandapM,
762 1272 960 1314 miserum
979 1272 1118 1329 plorat
1138 1272 1354 1315 Otacilius.

399 1348 463 1389 At
483 1346 580 1388 satis
598 1345 670 1387 illa
687 1360 843 1403 capax:
876 1345 999 1388 solari
1019 1346 1207 1402 quaeritis
1227 1347 1445 1389 umbram?

456 1420 606 1462 Unum
625 1434 678 1462 ex
697 1429 893 1462 natorum
912 1420 1035 1478 plebe
1054 1420 1314 1479 superjacite.

668 1494 872 1536 Lucilius.
897 1493 1093 1550 [Anthol.
1115 1494 1206 1537 Pal.
1230 1495 1312 1536 XI.
1339 1495 1457 1553 171.]

397 1567 553 1610 Furius
573 1576 780 1624 aegrotans
799 1567 972 1625 signatis
990 1567 1069 1611 rite
1089 1567 1252 1611 tabellis
1331 1574 1333 1576 ’

453 1641 668 1684 Heredem
689 1657 776 1684 sese
795 1641 1013 1700 scripserat
1032 1642 1122 1700 ipse
1142 1642 1233 1684 sibi.

397 1715 529 1767 Tum,
551 1715 584 1758 si
601 1715 754 1758 iterum
773 1715 923 1768 valeat,
944 1731 1042 1773 quae
1062 1708 1143 1758 siut
1162 1716 1376 1775 impendia
1394 1716 1544 1770 morbi,

452 1789 559 1840 Quae
579 1788 742 1840 medici,
764 1788 938 1847 trepidis
956 1797 1175 1848 computat
1193 1789 1399 1832 articulis:
1564 1779 1570 1784 ¹

397 1860 709 1919 Solvendosque
728 1862 872 1905 decem
891 1872 1115 1921 postquam
1136 1863 1214 1906 sibi
1231 1864 1415 1922 repperit
1433 1878 1557 1915 asses,

451 1934 609 1978 Utilior
627 1935 747 1978 nobis
765 1951 892 1988 morS,
913 1936 986 1989 ait,
1006 1944 1048 1979 et
1067 1936 1263 1980 moritur.

393 2008 496 2049 Uno
514 2022 628 2051 nunc
645 2008 771 2051 obolo
789 2008 907 2051 dives
920 2009 1058 2067 jacet:
1090 2025 1214 2052 omne
1233 2010 1351 2068 quod
1370 2010 1483 2053 ultra
1502 2020 1566 2053 est

451 2081 643 2124 Heredes
656 2081 841 2140 rapiunt,
857 2079 1019 2126 et'satis
1037 2099 1125 2126 esse
1144 2093 1312 2141 negant.

706 2156 833 2199 Idem.
857 2154 1056 2213 [Anthol.
1079 2157 1169 2199 Pal.
1192 2157 1275 2199 XI.
1304 2158 1418 2215 165.]

391 2228 491 2271 Non
510 2227 587 2270 sibi
606 2227 750 2286 puleii,
771 2228 961 2280 Veiento,
983 2229 1057 2272 sed
1076 2229 1170 2272 oeris
1188 2226 1317 2273 odore

448 2301 711 2359 Languentis
729 2310 850 2345 curat
869 2301 996 2346 taedia
1013 2303 1247 2346 ventriculi.

697 2374 827 2417 Idem.
850 2373 1052 2432 [Anthol.
1075 2375 1169 2419 Pal.
1190 2377 1275 2419 XI.
1299 2378 1417 2433 172.]

391 2448 441 2490 In
460 2463 573 2490 mare
591 2449 766 2506 projecit
785 2458 927 2492 natam
947 2450 1024 2493 sibi
1045 2451 1178 2494 Curio
1196 2451 1372 2509 prolem,
1419 2486 1423 2490 .

450 2524 668 2566 Staturum
688 2524 837 2581 quanti
854 2524 995 2567 vivere
1014 2524 1118 2567 dum
1138 2535 1343 2568 numerat.

631 2597 894 2641 Ammianus.
920 2597 1118 2654 [Anthol.
1142 2598 1235 2642 Pal.
1258 2599 1343 2642 XI.
1362 2601 1485 2659 413.]

390 2668 611 2719 Convivas,
632 2669 803 2714 hortum
822 2672 943 2729 quasi
963 2673 1242 2726 sacrificasset,
1265 2671 1434 2732 Apelles

445 2741 627 2800 Excipit.
678 2745 754 2786 An
772 2744 880 2788 solas
898 2745 1007 2788 forte
1025 2746 1190 2790 vocavit
1207 2762 1307 2790 oves
1321 2750 1340 2789 ?

387 2814 514 2857 Ponit
533 2815 641 2856 enim
663 2826 860 2870 mentam,
881 2819 1077 2869 lactucas,
1096 2835 1259 2878 ocyma,
1280 2821 1447 2871 bulbos,
