1780 3178
308 277 317 281 ⁴
388 295 474 336 204
780 284 1042 328 IOANNIS
1074 286 1320 331 STOBAEI

385 398 514 440 Retro
532 405 650 456 gesta
668 407 991 456 repraesentans:
1022 415 1170 443 verum
1189 401 1295 445 adeo
1314 402 1486 461 insuper

385 469 575 528 Reliquit
594 470 721 514 animi
739 471 1023 515 medicatrices
1042 472 1212 523 litteras.

744 647 1047 697 T1TULUs
1080 615 1353 698 Lxxxli.

623 760 698 799 DE
725 759 976 798 LITTERIS
1005 760 1067 799 IN
1096 761 1476 801 CONTRARIUM.

766 857 786 885 1
797 874 807 884 .
829 844 1070 900 Euripides
1088 844 1336 901 Hippolyto.

438 915 565 958 Eheu
584 914 700 972 quod
718 914 818 972 ipsis
837 929 921 956 non
940 915 1088 957 datum
1107 924 1170 958 est
1189 916 1317 959 rebus
1335 916 1470 974 loqui,
1522 959 1525 961 ,

381 990 447 1033 Ut
466 988 525 1031 nil
543 988 700 1031 valeret
718 987 884 1030 erudita
901 987 1056 1030 oratio:

380 1064 494 1106 Nam
512 1078 625 1105 nunc
643 1061 786 1105 diserti
803 1061 951 1104 callide
970 1077 1118 1104 verum
1137 1062 1323 1120 clepunt,

378 1138 440 1180 Et
458 1136 639 1195 sequiori
658 1135 897 1195 mancipant
915 1151 1052 1179 causae
1071 1136 1211 1179 fidem.

843 1223 888 1255 ·2.
908 1210 1028 1252 Idem
1047 1210 1247 1268 Antiopa.

435 1283 574 1326 Fandi
595 1284 753 1342 peritus
772 1284 806 1326 si
821 1299 908 1342 qua
927 1299 970 1327 se
989 1300 1116 1327 causa
1133 1284 1296 1337 offerat,

378 1358 465 1399 Pro
483 1364 602 1415 parte
621 1356 780 1399 utravis
799 1357 919 1400 facile
938 1356 1241 1416 dissertaverit⁰¹
1319 1388 1325 1395 .

922 1443 963 1487 3.
984 1431 1174 1473 Evenus.

373 1504 489 1546 'Sunt
508 1503 663 1560 quibus
682 1504 716 1546 is
735 1519 825 1547 mos
844 1512 921 1557 est,
942 1503 1060 1547 nullo
1078 1513 1128 1547 ut
1146 1503 1381 1547 discrimine
1396 1505 1556 1548 contra‘

433 1576 600 1628 Dicere,
621 1592 706 1619 non
724 1577 850 1619 etiam
870 1576 1007 1637 dicere
1026 1585 1142 1620 recta
1159 1577 1301 1620 velint.

376 1651 460 1694 His
479 1667 558 1709 ego
577 1652 807 1694 censuerim
826 1660 947 1694 vetus
966 1652 1046 1694 hoc
1065 1652 1218 1694 debere
1236 1653 1406 1710 reponi:

431 1726 515 1768 Illa
533 1726 609 1769 tibi
627 1726 831 1784 placeant,
852 1726 955 1768 dum
976 1726 1109 1784 magis
1127 1726 1208 1768 ista
1226 1719 1344 1768 mihi.

372 1799 483 1841 Rem
501 1799 607 1841 bene
627 1798 660 1841 si
680 1799 806 1851 dicas,
826 1798 1055 1856 prudentes
1074 1798 1239 1840 flectere
1256 1797 1402 1855 paucis
1450 1792 1457 1795 ’

429 1873 512 1915 Est
530 1872 629 1915 tibi:
663 1881 761 1915 sunt
779 1872 932 1915 etenim
951 1871 1119 1914 ductilis
1134 1871 1301 1929 ingenii.

722 2031 1025 2081 TITULUS
1058 2031 1359 2111 LXXXIII.

374 2150 587 2204 QUALES
598 2149 877 2188 PARENTES
889 2150 1037 2188 ERGA
1047 2149 1283 2186 LIBEROS
1298 2148 1426 2187 ESSE
1442 2141 1707 2188 OPORTET.

888 2246 925 2275 1.
947 2233 1201 2275 Menander.

429 2308 594 2350 Auditu
614 2307 674 2349 nil
693 2315 777 2350 tam
797 2322 937 2358 suave,
957 2321 1085 2364 quam
1104 2321 1202 2348 cum
1221 2306 1356 2348 filium

372 2382 638 2440 Compellans
656 2382 820 2440 genitor
838 2381 947 2424 veris
966 2381 1113 2423 laudat
1132 2381 1340 2424 laudibus.

943 2466 980 2497 2.
1001 2454 1134 2510 Idem.

429 2528 605 2579 Quoties
624 2527 806 2569 minatur
824 2526 911 2569 filio
929 2526 1062 2568 iratus
1081 2534 1216 2583 pater,

371 2601 447 2643 Vel
466 2616 609 2643 amans
627 2600 796 2653 amanti,
818 2599 952 2651 multa
969 2598 1134 2641 mentiri
1154 2598 1297 2641 solent.

743 2687 783 2730 3.
806 2674 1043 2730 Euripides
1063 2673 1328 2729 Melanippa.

429 2746 692 2804 Cuicumque
710 2754 829 2804 pater
848 2755 910 2788 est
928 2745 1076 2796 durus,
1095 2744 1318 2786 inclemens
1337 2743 1465 2796 domi,

371 2819 502 2863 Gravi
521 2829 648 2877 atque
666 2820 814 2877 grandi
834 2814 1038 2877 premitur
1056 2818 1293 2861 adolescens
1312 2817 1433 2860 malo.
