1780 3178
205 156 261 212 58
791 155 1131 198 APPENDIX

208 269 333 330 εἶναι,
353 274 431 323 καὶ
449 270 783 342 προσλαβόντος
803 270 932 342 ἕτερον
948 269 1158 342 γνώριμον
1176 268 1327 343 τούτῳ,
1338 268 1406 330 τὶ,
1418 267 1678 333 vareias-”2330-

210 355 288 413 νῖις
315 359 398 421 οὐχ
429 355 612 429 αἱρετέον
647 354 769 416 εἶναι,
797 352 1136 426 αποδὲικνῦομεν
1173 354 1220 408 τὶ
1258 353 1322 426 μὴ
1359 354 1530 423 ἀγαθον
1568 353 1676 409 εἶναι

207 438 278 502 τῆν
302 437 486 503 Χῆὃονῆν,
513 437 590 494 δια
614 440 695 493 τῶν
719 442 941 513 γνωρίμων
965 438 1011 493 τὶ
1038 438 1101 510 μῆ
1133 439 1358 512 γνώριμον.
1427 438 1580 492 Ποίλιν
1616 441 1677 496 ὡς

209 525 386 581 ὄπὸνος
412 529 490 578 οὐκ
517 524 608 577 ἔστι
645 524 799 584 κακον,
827 523 998 577 αὐτόθεν
1034 522 1114 594 μὲν
1153 527 1197 577 οὐ
1235 525 1444 594 φαίνεται
1481 521 1674 576 mom&-

209 609 440 662 τούναντίον
463 607 555 680 γαρ
579 607 726 661 τούτου
752 609 962 679 φαίνεται
988 606 1283 680 πιθανώτερον,
1310 607 1358 660 τὶ
1391 605 1531 660 κακον
1569 605 1708 664 simis

209 695 278 745 τὶν
303 692 439 746 πόνον·
480 690 666 749 τεθέντος
689 690 736 744 δὲ
762 693 944 764 φανεροῧ
968 692 1229 762 λήμματος,
1247 693 1335 752 τοῧ,
1357 693 1451 745 πῖον
1469 691 1516 745 τὶ
1537 691 1687 747 κανὼν]

211 777 398 848 φευκτὶν
424 775 546 837 εἶναι,
577 780 657 829 καὶ
683 775 979 843 προσ-τεθέντος
1005 780 1125 848 αὐτῷ
1150 775 1450 850 φανερωτέρου,
1476 778 1565 837 τοῧ,
1593 778 1678 830 ‘to'-

213 887 303 919 νους
326 860 526 919 πολλοῦς
553 865 631 914 οὐκ
657 859 763 914 εἶναι
790 859 1025 931 φευκτοῗνς,
1052 863 1340 932 γπεραίνεται
1365 862 1412 915 τὶ
1438 860 1502 932 μῗι
1538 861 1678 917 κακον
1706 901 1708 904 >

213 983 397 1024 assumtio,
422 993 489 1018 seu
516 982 660 1018 minor.-
700 978 725 1017 i.
745 991 778 1016 e.
807 982 912 1026 τούτῳ

211 1037 511 1086 προσλαμβάνετοιι
554 1034 747 1084 προσλῆψις.
814 1033 911 1070 Haec

213 1089 301 1127 trita
333 1087 482 1133 Stoicis,
517 1096 556 1125 et
588 1087 645 1125 vel
677 1099 699 1125 e
735 1085 912 1137 Diogene

211 1142 366 1181 Laertio
386 1150 478 1179 nota
496 1142 586 1185 V11,
608 1141 672 1189 76.
701 1141 848 1178 Wm.

267 1204 287 1221 ¹¹
304 1199 368 1240 τὰς
397 1196 507 1242 ἡδονὰς
542 1198 601 1242 οὐχ
637 1195 779 1244 αἱρετέον
814 1191 909 1231 εἶναι·

213 1252 419 1300 voluptates
458 1262 530 1286 non
566 1250 778 1286 sumendum
814 1260 910 1285 esse:

212 1303 386 1356 proprius
405 1310 444 1340 et
462 1303 617 1340 Graecus
637 1309 696 1339 est
714 1315 803 1339 usus
831 1302 910 1339 Ge-

212 1357 349 1396 rundii.
376 1356 600 1395 Plutarchus
611 1355 750 1393 Moral.
763 1369 801 1407 p.
818 1355 911 1405 656,

211 1413 276 1450 D:
307 1412 366 1457 τὴν
391 1412 547 1461 διαφορὰν
574 1411 626 1447 ἐπὶ
653 1410 691 1446 τὸ
719 1413 820 1457 σῶμα
847 1426 910 1457 με·

213 1465 359 1504 τοιστέον
377 1469 464 1502 ἐστι·
494 1465 684 1500 diversitas
708 1465 758 1500 acl
784 1475 913 1512 corpus

214 1518 470 1568 transferenda
489 1522 541 1554 est
555 1533 567 1554 :
597 1516 689 1554 item
709 1529 747 1567 p.
769 1516 834 1561 66,
851 1518 883 1553 C
900 1531 908 1553 ε

213 1574 278 1618 68,
308 1573 370 1609 D:
411 1584 476 1621 92,
505 1572 564 1608 B:
605 1583 693 1615 102,
723 1570 785 1606 D:
823 1582 910 1618 124,

211 1628 271 1665 A:
308 1636 395 1675 125,
423 1625 486 1662 D:
524 1634 611 1673 137,
639 1625 695 1660 C:
734 1634 822 1672 172,
851 1624 910 1660 E:

215 1682 306 1730 819,
324 1681 380 1717 A:
411 1678 487 1715 Vit.
505 1677 670 1727 512,F;
703 1677 794 1727 566.
839 1678 913 1714 Ca-

212 1747 276 1772 sus
294 1741 422 1771 autem
442 1745 612 1783 personae
636 1730 781 1782 agentis
804 1730 913 1781 poni-

213 1796 276 1826 tur
295 1787 350 1825 vel
376 1785 565 1823 Dativus:
597 1792 640 1822 ut
668 1784 708 1822 in
737 1784 913 1822 Isocratis

211 1840 441 1879 Archidamo
473 1853 510 1890 p.
537 1851 628 1888 231,
658 1839 734 1875 fin:
775 1840 914 1875 θάνατον

212 1896 289 1944 ἡμῖν
307 1894 448 1944 αἱρετέον
466 1894 552 1931 ἐστί.
594 1904 692 1929 mors
719 1893 820 1929 nobis
847 1905 912 1940 op-

169 1994 182 1996 ,
208 1950 369 1999 petenda
388 1952 451 1984 est.
501 1946 662 1983 Platone
684 1945 780 1996 Leg.
799 1946 911 1989 VIII,

213 2016 251 2054 p.
275 2002 366 2050 642,
385 2002 424 2038 D
440 2015 448 2037 :
479 2001 536 2037 καὶ
551 2004 583 2037 οὔ
602 1999 832 2048 δυσχεραντέον
851 2015 910 2035 πο-

213 2060 356 2103 λεμικοῖς
385 2056 554 2103 ἀνθρώποις
584 2054 640 2090 τὸν
666 2058 803 2089 τοιοῖτον
831 2053 911 2089 θεόν.

212 2110 307 2153 XII,
329 2123 366 2159 p.
387 2108 482 2157 690,
503 2107 552 2143 G.
573 2105 735 2143 Aristide
753 2107 800 2143 T.
821 2106 852 2149 Ι,
872 2119 909 2155 p.

213 2163 305 2212 380.
325 2173 416 2211 434.
439 2160 640 2197 Plutarcho
659 2158 738 2196 Vit.
760 2172 797 2209 p.
823 2171 910 2207 233,

212 2218 270 2254 A:
305 2226 395 2265 513,
417 2216 473 2251 C:
507 2223 598 2263 597,
619 2213 671 2250 D.
706 2212 779 2249 Vel
798 2225 910 2249 accu-

211 2268 372 2308 sativus:
403 2276 446 2305 ut
469 2267 509 2304 in
538 2266 698 2304 Platone
724 2266 819 2317 Leg.
840 2266 909 2310 VI,

210 2338 249 2376 p.
270 2323 363 2366 621,
391 2322 452 2358 D:
492 2323 606 2357 πάντα
633 2322 680 2356 τὰ
707 2323 832 2357 τοιαῦτ’
858 2319 909 2368 ἄρ’

212 2379 283 2416 ἐσθ’
320 2374 528 2424 ὑπομενητέον
564 2375 768 2419 πάσχοντας·
815 2372 840 2410 i.
875 2385 908 2410 e.

212 2431 286 2469 haec
305 2430 426 2466 omnia
437 2429 616 2476 patientes
621 2425 731 2476 serre
744 2431 907 2475 oportet:

210 2491 250 2522 et
285 2483 393 2534 plura
427 2479 599 2519 dedimus
636 2480 683 2517 ad
718 2479 910 2517 Plutarchi

211 2535 376 2575 Moralia
393 2549 431 2586 p.
457 2547 471 2571 1
483 2547 544 2578 22,
562 2534 608 2571 E.
654 2532 797 2570 Latina
813 2546 907 2571 con-

211 2589 372 2633 suetudo
392 2589 469 2626 fere
487 2594 643 2637 usurpat
668 2585 908 2637 Participium

210 2645 299 2683 Fut.
319 2644 423 2680 Pass.
442 2654 476 2679 v.
497 2654 543 2679 c.:
576 2648 618 2678 ut
641 2639 680 2677 in
710 2640 782 2678 hoc
809 2640 907 2685 loco,

208 2700 415 2746 voluptates
433 2708 506 2732 non
523 2696 715 2731 sumendas
729 2706 803 2731 esse
814 2710 827 2730 .·
857 2692 910 2731 ita

209 2761 350 2796 tamen,
369 2756 412 2786 ut
429 2760 716 2799 nonnumquam
736 2748 906 2784 Graecam

211 2804 394 2843 rationem
414 2809 612 2852 sequatur:
645 2814 679 2838 v.
699 2813 730 2838 c.
753 2800 907 2838 Plautus

209 2858 447 2900 Trinummo,
483 2855 550 2898 1V,
583 2867 617 2898 2,
652 2865 697 2903 ²7
717 2870 723 2890 :
778 2854 909 2890 Hercle

978 980 1117 1028 opinor,
1136 980 1226 1016 mihi
1243 980 1450 1017 advenienti
1473 980 1542 1017 hac
1568 986 1679 1019 noctu

979 1034 1196 1081 agitandum
1231 1038 1284 1070 est
1319 1035 1476 1082 vigilias.
1541 1033 1678 1073 Cicero

977 1087 1091 1124 Tusc.
1119 1086 1172 1130 11,
1208 1086 1275 1124 18:
1310 1087 1526 1125 Iter-andum
1552 1090 1679 1126 eadem

978 1141 1050 1176 ista
1074 1141 1230 1177 mihi—.
1261 1139 1328 1178 ubi
1351 1140 1531 1179 videndus
1548 1140 1676 1182 ,Davi-

978 1192 1075 1230 sius:
1117 1193 1293 1244 idemque
1320 1194 1365 1232 ad
1395 1194 1512 1233 Acad.
1538 1195 1592 1240 11.
1611 1195 1678 1244 48.

981 1246 1157 1285 Gifanius
1171 1246 1343 1286 Conlect.
1356 1247 1509 1286 Lucret.
1523 1262 1560 1300 p.
1575 1261 1596 1298 3
1604 1258 1674 1299 53:

979 1301 1081 1338 unde
1099 1313 1166 1338 sua
1179 1301 1295 1339 habet
1308 1302 1528 1353 Vechqerus
1543 1302 1679 1341 Helle-

979 1354 1146 1392 nolexias
1165 1355 1197 1399 1,
1227 1367 1261 1400 2,
1292 1367 1356 1404 33,
1385 1369 1422 1407 p.
1453 1367 1546 1406 372,
1574 1369 1679 1410 sequ.

983 1408 1127 1445 WYTT.
1287 1445 1290 1447 .

1034 1468 1053 1485 x
1072 1460 1228 1512 Proprie
1247 1460 1398 1512 quidem
1419 1460 1472 1500 nil
1497 1461 1598 1501 aliud
1621 1462 1679 1501 ef·

980 1514 1114 1559 ficitur,
1135 1528 1248 1565 quam
1264 1528 1337 1553 non
1355 1528 1495 1553 omnem
1508 1517 1678 1566 volupta-

984 1574 1054 1606 tem
1093 1570 1223 1606 bonum
1259 1582 1344 1607 esse.
1403 1569 1478 1607 Sed
1506 1570 1679 1621 quando·

982 1622 1133 1673 quidem
1163 1621 1390 1666 enunciatio,
1409 1624 1429 1669 ἡ
1447 1624 1538 1670 ἡδονὴ
1555 1624 1682 1673 ἀγαθόν

982 1680 1068 1720 ἐστι,
1088 1677 1256 1725 voluptas
1273 1682 1326 1714 est
1342 1678 1483 1721 bonum,
1498 1677 1682 1729 accipitur

981 1742 1051 1767 usu
1067 1729 1185 1767 instar
1197 1729 1474 1767 enunciationis
1488 1729 1680 1769 universa-

981 1782 1038 1827 lis,
1058 1788 1158 1820 πᾶσα
1184 1784 1274 1829 ἡδονὴ
1302 1784 1428 1832 ἀγαθόν
1454 1788 1543 1829 ἐστι,
1567 1787 1685 1823 omni!

980 1838 1149 1885 voluptas
1185 1843 1239 1874 est
1278 1838 1427 1882 bonum5
1468 1838 1565 1876 hanc
1600 1850 1680 1876 non

980 1903 1064 1927 esse
1083 1903 1206 1927 veram
1227 1903 1272 1928 ex
1287 1890 1432 1928 duabus
1450 1891 1678 1930 anteceden-

981 1943 1080 1981 tibus
1100 1943 1270 1981 efficitur.
1300 1945 1445 1982 er'r.

1034 2004 1052 2028 y
1069 2001 1256 2046 περαίνεται
1289 1999 1455 2048 efficitur,
1493 1999 1678 2036 concludi-

981 2056 1052 2087 tur.
1103 2049 1166 2088 Sic
1195 2051 1370 2101 frequens
1399 2058 1457 2089 est
1483 2050 1679 2090 Aristoteli

979 2103 1166 2154 Analytic.
1196 2104 1313 2141 Prior.
1342 2106 1374 2149 Ι,
1408 2118 1527 2143 20—
1546 2117 1608 2150 22,
1637 2113 1680 2143 et

980 2157 1090 2194 alibi:
1122 2156 1213 2195 item
1243 2157 1379 2195 Stoicis
1405 2158 1503 2210 apud
1531 2158 1678 2208 Dioge·

979 2224 1066 2248 nem
1092 2210 1220 2250 Laert.
1238 2212 1308 2256 VI,
1342 2224 1429 2260 140,
1464 2224 1553 2260 141,
1589 2224 1676 2262 143,

985 2277 1083 2314 150:
1116 2264 1226 2309 Vm,
1244 2277 1308 2314 34.
1354 2265 1581 2314 Hincjocus
1595 2266 1678 2304 De·

978 2316 1176 2363 monactis,
1195 2318 1438 2369 ambiguitate
1449 2319 1561 2364 verbi,
1576 2319 1676 2370 quod

971 2378 1174 2421 penetrare
1205 2371 1432 2423 significans,
1462 2372 1503 2410 in
1536 2386 1575 2411 re
1607 2373 1676 2411 ob-

977 2438 1105 2463 scoena
1137 2425 1301 2476 ponitur,
1332 2426 1430 2477 apud
1463 2425 1677 2464 Lucianum

976 2479 1023 2517 T.
1055 2480 1109 2524 II,
1144 2479 1235 2527 382.
1298 2479 1402 2518 Hinc
1434 2482 1676 2530 συμπέρασμα,

975 2535 1169 2577 conclusio,
1190 2534 1289 2583 apud
1315 2533 1556 2571 Plutarchum
1582 2533 1674 2571 Mo-

975 2586 1042 2624 ral.
1071 2600 1109 2637 p.
1134 2586 1225 2635 387,
1257 2588 1314 2624 C:
1346 2587 1440 2636 969,
1469 2587 1520 2624 B:
1559 2598 1674 2637 1059,

975 2640 1028 2677 E:
1061 2639 1140 2677 Vit.
1161 2640 1253 2687 448,
1276 2641 1320 2678 A.
1351 2640 1577 2678 Conferatur
1598 2641 1673 2679 Fa-

975 2692 1114 2731 bricius
1143 2693 1191 2730 ad
1221 2694 1376 2731 Sextum
1404 2692 1549 2745 Empir.
1577 2693 1673 2732 Adv.

974 2747 1163 2784 Mathem.
1192 2747 1304 2786 VIlI.
1343 2747 1443 2785 128:
1493 2747 1674 2798 Uptonus

975 2799 1105 2838 Indice
1123 2800 1171 2837 ad
1189 2799 1352 2851 Epictet.
1394 2799 1498 2838 Voce
1515 2804 1673 2850 “patm-

975 2870 1038 2896 τες.
1069 2854 1214 2891 Wv'r'r.
