1780 3178
415 252 881 299 FLomLEGmM.
914 252 1021 294 'rm
1044 260 1112 306 74·

454 377 496 417 4.
517 361 755 420 Euripides
774 358 1084 402 Anda-amacha.

159 440 297 481 Nemo
314 437 435 489 adeo,
455 451 579 479 nemo
600 436 717 491 (nam
737 433 836 476 satis
852 447 936 475 non
955 441 1019 475 est
1038 431 1163 474 semel

102 511 288 572 Dixisse)
313 510 476 569 sapiens
494 525 582 552 esse
601 509 676 567 qui
695 508 881 566 conjunx
898 507 1025 558 volet,

63 606 69 614 ¹
104 585 225 628 Alias
244 585 438 628 mulieres
456 584 511 627 ad
535 599 654 626 suam
672 598 847 625 uxorem
868 581 976 624 sinat

104 661 311 703 Ventare:
341 659 469 702 moris
485 657 603 716 quod
622 656 906 715 magisterium
926 655 1024 698 mali
1043 664 1117 698 est.

106 733 393 776 Lenocinatur
411 732 492 775 alia
511 747 585 789 spe
603 730 862 788 compendii:

107 807 290 865 Culpam
308 816 516 864 propagat
533 805 628 856 alia,
642 805 733 862 jam
752 803 889 860 culpae
907 817 978 844 rea
994 835 1003 844 .

107 880 312 923 Veoordia
328 879 429 922 alias
447 879 591 937 agitat.
638 877 755 920 Hinc
771 876 923 919 vitium
940 876 1115 918 trahunt

110 954 226 997 Casti
245 963 428 1011 penates.
476 952 547 994 Tu
566 951 680 994 luem
699 950 807 992 hanc
826 949 994 992 elimina

111 1028 316 1071 Claustris
333 1041 520 1069 serm-um
537 1025 805 1081 vectiumque
825 1022 1063 1067 obstaculis.

111 1101 334 1159 Colloquia
351 1114 534 1157 namque
552 1098 625 1140 illa
642 1107 685 1140 et
704 1097 961 1139 salutantum
980 1111 1143 1153 greges,

112 1176 316 1219 Prodesse
333 1174 492 1233 possint
510 1188 607 1216 cum
626 1171 745 1223 nihil,
765 1170 948 1212 multum
967 1179 1129 1212 nocent.

467 1260 508 1303 5.
537 1245 776 1288 Menander
794 1245 1089 1301 Supposititia

172 1323 320 1364 Partes
339 1319 542 1363 secundas
561 1334 658 1376 quae
677 1317 786 1375 sapit
804 1316 947 1359 eredat
966 1332 1063 1358 suas

117 1397 342 1438 Matrona:
363 1407 582 1436 ‘summam
600 1391 722 1435 cedat
740 1390 903 1448 imperii
922 1390 1038 1432 viro:

119 1470 230 1511 Nam
250 1484 358 1525 quos
376 1475 548 1525 penates
565 1465 739 1512 foemina
751 1464 925 1507 arbitrio
943 1479 1020 1506 suo

121 1541 387 1592 Moderatur‚
407 1540 501 1582 illos
519 1549 633 1582 certa
649 1538 848 1596 pernities
865 1546 1018 1580 manet.
1050 1591 1058 1600 1

617 1612 658 1654 6.
679 1610 959 1668 Antiphanes.

177 1687 341 1730 Afficite
358 1701 486 1744 poena
503 1685 623 1727 hanc.
674 1683 778 1726 Inde
796 1682 908 1725 enim
925 1682 1063 1725 labem
1082 1683 1256 1726 trahunt

123 1763 269 1806 Mores
286 1760 526 1811 mulierum,
546 1758 664 1816 quod
682 1757 802 1799 malis
819 1765 999 1815 parcunt
1016 1756 1096 1798 viri

123 1838 220 1880 Aut
237 1835 526 1895 proximorum
544 1841 621 1875 aut
637 1831 863 1890 pignorum
882 1831 1124 1874 reverentia.

126 1911 380 1968 Contagiosa
398 1908 560 1952 sceleris
578 1916 642 1950 est
658 1906 900 1964 impunitas,

126 1987 319 2043 Lateque
339 1984 469 2042 serpit
486 1998 609 2026 omne
629 1996 821 2024 securum
840 1980 979 2023 nefas:

129 2060 201 2102 Ita
218 2059 328 2101 alma
345 2058 481 2100 virtus
498 2057 632 2099 fracta
650 2064 694 2098 et
710 2053 863 2097 afflicta
879 2053 1042 2096 occidit.

608 2142 647 2187 7.
669 2130 981 2173 Nawmchim.

189 2209 235 2251 Is
254 2207 331 2250 tibi
351 2207 403 2249 sit
421 2206 606 2264 conjunx
625 2220 753 2262 quem
772 2203 955 2261 dilegere
968 2211 1171 2260 parentes.

134 2280 179 2324 Si
197 2279 326 2323 fuerit
345 2279 521 2336 sapiens,
542 2286 680 2320 macta
697 2285 787 2320 esto
804 2277 886 2318 hoc
903 2291 1076 2318 munere
1094 2274 1205 2319 caeli:

135 2355 209 2398 Sin
227 2355 382 2408 minus,
398 2354 515 2396 hunc
527 2352 658 2395 ‘etiam
677 2352 789 2394 ferre
805 2366 854 2394 ae
871 2349 1047 2393 tolerare
1067 2364 1230 2392 neeesse
1249 2356 1322 2391 est.

136 2428 181 2472 Si
200 2428 277 2471 tibi
295 2427 360 2470 vir
377 2426 566 2485 prudens
582 2425 743 2483 aliquid
760 2423 1020 2483 praeoeperit,
1041 2421 1155 2474 audi,

102 2552 109 2554 ξ
136 2504 228 2545 Nec
247 2502 325 2545 tibi
344 2501 396 2544 sit
414 2501 572 2543 discors
592 2499 792 2543 studium.
844 2498 988 2542 Solare
1007 2497 1204 2540 maritum

139 2574 318 2626 Blanda,
339 2574 412 2616 sed
430 2574 475 2616 in
493 2572 641 2632 primis
657 2581 824 2614 versant
842 2586 939 2613 cum
958 2579 1127 2628 pectora
1144 2584 1280 2612 curoe:

141 2648 309 2706 Quippe
327 2647 418 2689 viro
435 2647 542 2690 tristi
560 2646 745 2704 conjunx
763 2655 826 2689 est
841 2645 968 2688 dulce
982 2645 1183 2688 levamen.

1351 249 1429 304 187

142 2722 354 2780 Quicquid
372 2721 584 2778 agendum
602 2730 723 2765 extra
740 2730 818 2772 est,
838 2730 881 2763 et
899 2735 966 2762 res
987 2734 1252 2776 quaecunque
1271 2718 1472 2768 virorum,

145 2797 214 2839 Illi
235 2795 335 2838 cede
352 2812 361 2836 z
394 2794 543 2837 domus
564 2794 638 2836 tibi
659 2795 710 2836 sit
729 2794 917 2837 custodia
937 2793 1064 2836 cordi.
