1780 3178
339 248 421 291 268
737 245 932 289 IOANN
936 246 992 288 IS
1025 245 1269 288 STOBAEI

337 364 474 406 Breve
493 370 621 420 atque
639 369 868 419 angustum
889 360 1012 403 nimis
1030 369 1093 403 est
1111 360 1191 403 hoc
1211 360 1327 418 quod
1347 359 1541 402 vivimus.

844 448 869 491 3
874 448 914 491 3.
937 435 1169 477 Philemon.

393 512 525 563 Here,
547 526 733 568 persaepe
752 509 940 552 homines
959 508 1153 566 graviora
1171 508 1356 551 efficiunt
1374 507 1486 550 mala
1528 506 1533 515 ’

336 585 422 643 Ipsi
442 584 520 628 sibi
539 584 639 642 ipsis
659 598 785 641 quam
808 591 907 624 sunt
927 597 976 623 ea
995 590 1143 639 suapte
1158 581 1213 623 vi.

335 658 529 702 Excessit
547 658 635 700 vita
653 667 778 699 natus
796 667 871 699 aut
890 664 1023 698 mater
1042 664 1162 713 puta„

333 735 431 775 Aut
451 732 642 790 proxima
660 731 812 789 aliquis
830 746 883 774 ex
902 729 1229 773 necessitudine:

336 807 393 850 Id
413 807 447 849 si
466 806 561 864 quis
581 806 638 848 sic
657 804 855 862 accipiat:
890 809 918 830 “
933 804 1099 862 Nempe
1119 803 1224 846 obiit
1243 802 1355 845 diem

334 883 480 924 Homo
498 880 664 932 natus?
682 887 890 936 quantum
909 877 1049 919 fuerat
1068 876 1332 919 tantumdem
1353 887 1415 919 est
1434 875 1591 918 malum
1603 891 1616 918 :

335 954 463 1007 Quod
483 954 516 996 si
536 953 619 996 sic:
655 957 684 978 “
697 951 851 995 Periit:
884 967 970 993 non
989 951 1140 993 tuebor
1158 950 1354 1007 amplius}

336 1032 440 1073 Heu
460 1028 548 1071 vita
565 1027 697 1070 invita
710 1027 746 1069 :''
775 1025 850 1083 qui
870 1025 950 1068 ista
969 1039 1109 1067 secum
1129 1024 1309 1081 deputat

332 1105 380 1147 Is
397 1103 454 1146 ad
472 1101 632 1145 malum
650 1100 733 1142 alia
751 1099 830 1142 sibi
848 1098 1106 1141 consarcinat
1125 1097 1246 1139 mala.

332 1179 399 1222 At
418 1177 493 1236 qui
512 1175 683 1219 rationis
702 1182 854 1223 cuncta
872 1173 928 1216 ad
946 1173 1166 1216 arbitrium
1186 1181 1322 1225 vocat,

334 1254 376 1296 Is
394 1251 513 1310 quod
531 1250 646 1293 dolet
664 1248 852 1301 deducit,
872 1247 1025 1290 retinet
1044 1246 1162 1305 quod
1175 1247 1312 1305 juvat.

891 1336 960 1379 34.
981 1323 1111 1365 Idem.

394 1401 506 1442 Tam
527 1399 667 1442 subito
685 1397 865 1441 imbellis
883 1397 1046 1439 factus?
1077 1412 1175 1439 nam
1194 1411 1248 1438 ne
1267 1394 1438 1446 nescim,

332 1476 434 1518 Non
452 1473 659 1516 fortitudo
679 1481 741 1515 est
759 1472 852 1524 ista,
873 1487 1022 1514 verum
1041 1470 1226 1514 imbellia

334 1549 482 1593 Animi
501 1547 742 1606 impotentis
760 1546 870 1589 ferre
888 1544 1229 1588 moestitudinem.

887 1629 957 1677 35.
979 1620 1110 1662 Idem.

391 1695 538 1746 Multa
555 1695 598 1737 in
619 1693 786 1736 familiis
804 1693 947 1735 multis
967 1692 1166 1735 eveniunt
1185 1691 1308 1743 mala,

333 1771 467 1813 Recte
485 1768 659 1812 ferendo
678 1784 775 1825 quae
794 1775 1022 1809 vortuntur
1040 1765 1084 1808 in
1103 1766 1279 1808 bonum.

451 1888 455 1890 o
815 1843 886 1898 36.
907 1841 1197 1899 Apollodorus.

393 1919 535 1961 Grave
555 1925 617 1959 est
636 1915 807 1973 quidem
829 1916 1043 1957 Fortuna:
1075 1929 1226 1970 grave:
1258 1921 1533 1955 veruntamen

334 1992 460 2036 Illam
479 1991 664 2050 perferre
682 1998 793 2032 recte
808 1989 928 2031 decet
947 1997 996 2030 ut
1017 1987 1230 2030 sarcinam.

842 2075 912 2119 37.
935 2063 1165 2105 Philemon.

392 2142 490 2182 Hoc
510 2138 616 2181 alius
635 2138 717 2179 alio
735 2146 921 2194 praestat,
942 2135 1059 2192 quod
1078 2133 1336 2177 constantius

334 2216 496 2256 Bonam
516 2211 752 2269 malamque
771 2209 917 2252 didicit
934 2209 1148 2250 fortunam
1165 2207 1266 2265 pati.

691 2284 760 2341 38.
783 2283 1025 2325 Menander
1044 2282 1320 2339 Androgyne.
1386 2319 1388 2321 ,

392 2362 526 2403 Casus
545 2359 713 2401 futuros
730 2373 808 2416 par
825 2366 888 2399 est
906 2355 1135 2413 opperirier

333 2433 561 2477 Mortalem
581 2441 739 2475 natum.
790 2432 902 2474 Nam
922 2429 1025 2472 nihil
1045 2437 1108 2471 est
1127 2428 1355 2478 statarium.

839 2517 909 2560 39.
931 2503 1161 2545 Philemon.

393 2579 438 2622 Si
455 2578 621 2621 noveris
638 2578 764 2620 homo
784 2577 889 2634 quid
909 2576 976 2628 sit,
999 2584 1063 2618 sat
1081 2575 1183 2618 felix
1202 2575 1293 2617 eris.
1312 2576 1315 2579 ’

333 2653 497 2696 Interiit
515 2653 687 2710 aliquis:
719 2668 772 2694 ne
793 2651 845 2693 sit
864 2650 1095 2693 cordolium
1116 2649 1218 2692 tibi:

335 2728 444 2769 Haec
462 2726 638 2784 peperit,
658 2726 748 2768 haec
767 2740 850 2767 non
871 2723 1056 2782 peperit:
1090 2731 1152 2765 est
1171 2713 1444 2764 alius'miser:

336 2799 422 2842 Hic
442 2799 585 2842 tussit:
618 2798 685 2840 ille
706 2798 838 2855 plorat
857 2813 865 2839 ε
899 2796 989 2839 haec
1007 2797 1087 2839 fert
1108 2794 1245 2838 omnia
