1780 3178
347 283 429 326 118
751 280 1007 325 IOANNIS
1039 281 1285 324 STOBAEI

346 391 543 448 Namque
563 389 725 437 labores
743 389 963 432 hominum
983 390 1127 448 generi

348 465 498 508 Finem
519 472 718 523 peperere
737 464 922 507 beatum.

810 549 851 591 4.
869 538 989 579 Idem
1008 538 1223 581 Archelao.

406 610 576 653 Audere
596 625 758 668 semper
777 610 942 653 fortiter
955 611 1135 668 juvenes
1153 610 1273 654 decet
1287 627 1300 653 t

349 687 461 729 Nam
480 685 626 743 gloriae
645 700 788 727 exsors
809 699 972 742 semper
992 694 1054 727 est
1071 684 1264 742 ignavia:

351 759 650 803 Celebritatem
670 758 839 817 sanguis
859 768 902 801 et
922 759 1050 801 sudor
1068 759 1226 802 ferunt.

880 836 920 888 52
949 834 1158 890 Τρήσεως.

349 906 437 949 Res
455 905 603 964 populi
622 920 844 948 commune
861 905 1022 948 bonum
1041 905 1106 947 vir
1123 906 1274 948 robore
1292 913 1510 963 praestans,

403 980 613 1039 ‘Immotus
631 978 777 1037 primis
795 979 871 1037 qui
891 988 972 1022 stat
991 980 1035 1022 in
1053 979 1286 1033 ordinibus,
1327 982 1330 984 ’

353 1052 607 1110 Oblitusque
626 1053 743 1110 fugae
763 1052 878 1095 venit
896 1052 940 1094 in
961 1052 1188 1095 certamina
1208 1053 1374 1106 Martis,

412 1125 632 1183 Adjiciens
652 1125 854 1177 animum,
876 1125 1098 1183 projiciens
1118 1125 1299 1168 animam
1315 1142 1325 1168 :

356 1198 440 1250 Qui
459 1207 633 1257 propter
652 1207 835 1241 stantem
850 1213 1063 1256 generosae
1081 1198 1226 1241 mortis
1245 1214 1386 1241 amore

413 1273 634 1315 Concitat:
665 1272 781 1314 hunc
799 1272 912 1316 bello
931 1271 1086 1315 dixeris
1105 1273 1346 1330 egregium:

357 1348 494 1398 Quem
515 1346 656 1389 subito
674 1346 845 1389 hostiles
862 1345 1054 1404 pavitant
1072 1346 1342 1404 fugitantque
1361 1355 1562 1398 catervae:

415 1420 500 1473 Qui
515 1420 615 1463 belli
634 1420 790 1464 fluctus
809 1428 899 1463 arte
919 1435 1133 1477 manuque
1151 1419 1282 1478 regit:
1299 1444 1301 1446 ·

357 1494 442 1546 Qui
461 1493 629 1536 dulcem
647 1493 817 1546 amittit,
839 1493 913 1536 sed
931 1493 1108 1552 primus,
1129 1493 1172 1535 in
1193 1487 1360 1551 agmine
1378 1492 1533 1540 vitam:

415 1568 605 1625 Magnus
623 1566 758 1610 honor
775 1566 934 1625 generi,
954 1581 1134 1624 magnus
1151 1566 1287 1608 honor
1304 1566 1464 1625 patriae.

357 1641 545 1684 Vulnera
562 1640 698 1683 multa
715 1640 867 1698 ferenS,
888 1640 1063 1684 adversa
1082 1639 1155 1683 sed
1174 1640 1329 1701 omnia,
1348 1641 1463 1696 fosso

416 1716 607 1767 Pectore,
627 1714 756 1757 lorica
774 1729 850 1756 nec
869 1714 1023 1766 minus,
1044 1722 1086 1756 et
1104 1713 1264 1772 clypeo.
1282 1765 1285 1768 ‚

359 1789 508 1846 Hujus
525 1788 581 1831 ad
600 1787 799 1846 exequias
817 1787 986 1846 plorant
998 1788 1263 1845 juvenesque
1282 1802 1510 1846 senesque:

417 1863 549 1904 Hunc
568 1870 658 1905 tota
676 1861 779 1906 urbs
797 1861 971 1921 planctu
990 1861 1141 1906 funera
1158 1861 1449 1920 prosequitur:

360 1935 445 1978 Sed
464 1950 540 1978 nec
557 1935 717 1978 honore
735 1943 848 1977 caret
867 1935 1071 1987 tumulus,
1093 1935 1337 1994 sobolesque
1356 1944 1581 1995 superstes,
1616 1992 1618 1995 v

417 2011 479 2054 Et
498 2009 650 2053 sobolis
670 2009 846 2062 soboles,
867 2018 1039 2068 totaque
1058 2009 1300 2068 posteritas:

362 2085 535 2140 Semper
553 2084 686 2126 honos
704 2099 941 2142 nomenque
959 2091 1130 2126 manent
1147 2091 1189 2126 et
1207 2083 1434 2141 posthuma
1452 2083 1588 2126 fama:

375 2203 379 2206 ,
421 2157 512 2199 Sub
532 2156 682 2201 tellure
702 2156 770 2199 siti
788 2156 923 2214 gloria
941 2164 1077 2200 morte
1096 2164 1235 2199 caret:

361 2230 526 2273 Scilicet
542 2229 801 2288 intrepidum
820 2244 948 2287 quem
968 2237 1147 2272 stantem
1165 2238 1207 2272 et
1225 2228 1541 2287 belligerantem
1618 2269 1623 2279 ,
1678 2207 1682 2210 -

421 2305 508 2346 Pro
527 2303 665 2361 patria
682 2311 725 2346 et
743 2303 852 2346 natis
872 2304 994 2352 Mars
1012 2302 1129 2345 ferus
1147 2301 1344 2360 abripuit.

363 2376 543 2434 Fugerit
562 2386 606 2419 at
625 2376 758 2434 nigrae
777 2376 812 2418 si
830 2375 959 2434 longa
977 2375 1140 2419 silentia
1157 2375 1305 2427 noctis,

421 2451 484 2492 Et
503 2449 635 2508 spolia
654 2465 678 2492 e
695 2449 807 2492 bello
825 2449 958 2492 victor
976 2450 1117 2508 opima
1134 2450 1258 2501 ferat,

366 2525 498 2568 Hunc
517 2530 715 2570 venerata
733 2522 869 2565 minor
887 2522 1000 2575 colit,
1020 2522 1134 2564 hunc
1154 2531 1197 2565 et
1216 2521 1344 2564 serior
1357 2531 1480 2565 aetast

427 2596 494 2638 Sic
514 2594 727 2638 tumulum
747 2595 884 2657 multo
902 2595 1053 2654 plenus
1071 2595 1229 2638 honore
1247 2594 1376 2651 petit:

368 2669 505 2726 Cujus
523 2669 770 2712 honoratam
789 2668 949 2726 populo
967 2684 1044 2711 nec
1063 2669 1236 2714 vocibus
1254 2668 1366 2714 ausit

426 2742 517 2784 Nec
536 2741 658 2785 dictis
677 2742 900 2801 quisquam
919 2742 1071 2786 laedere
1089 2743 1307 2786 canitiem:

369 2817 614 2873 Assurgunt
634 2815 692 2858 illi
707 2816 886 2874 juvenes
904 2832 1175 2877 aequaevaque
1195 2816 1342 2860 turba:
