1838 3276
456 285 920 355 FLomLEfflUM.
950 287 1057 338 ΤΠ.
1078 301 1118 343 9.

121 402 332 460 Principio
353 401 469 444 tenui
486 400 546 444 sic
564 400 657 444 finit
675 399 860 443 maxima
876 399 1042 450 clades:
1083 416 1086 418 ·

177 477 289 519 Nam
309 475 417 518 male
434 473 623 533 quaesitis
640 489 726 519 non
744 474 872 519 datur
889 488 979 517 esse
996 473 1072 517 diu
1089 491 1099 516 :

120 549 328 608 Prospicit
346 549 389 591 in
411 549 537 592 finem
555 548 680 606 longe
699 549 843 591 Deus:
874 563 924 591 ac
942 547 1062 591 velut
1079 547 1181 590 olim

176 625 285 667 Vere
303 639 413 666 novo
430 622 606 666 nebulas
624 622 858 666 discutiunt
873 622 1039 674 animm,

120 699 227 749 Quae
245 706 469 756 postquam
489 712 543 739 ex
562 696 647 740 imo
665 695 821 748 fluctus
839 695 976 738 civere
993 694 1223 752 profundo,

177 770 364 813 Telluris
382 769 559 813 volitant
577 784 654 828 per
671 768 760 818 sola
778 768 1012 826 fmgiferae,

121 846 341 887 vastantes
358 853 449 888 sata
466 843 588 887 laeta:
620 842 720 891 dein
739 858 782 885 se
802 842 846 884 in
864 841 1004 886 sidera
1021 841 1177 892 tollunt
1194 858 1203 883 :

180 917 375 971 Tollunt‚
396 927 439 961 et
458 917 598 960 subito
614 916 771 961 blanda
789 931 935 960 serena
952 916 1131 967 micant:

123 993 221 1050 Ipse
239 1007 378 1035 eomas
395 1007 506 1050 puro
520 990 722 1043 diffundit
738 990 898 1033 lumine
918 989 1075 1041 Titan:

178 1065 381 1123 Aspicere
400 1074 463 1107 est
482 1073 572 1107 toto
590 1063 739 1113 nubila
755 1062 874 1106 nulla
891 1062 1013 1120 polo:

1394 301 1451 345 39

124 1139 191 1181 Sic
211 1155 254 1181 se
272 1138 401 1181 habet
418 1138 482 1181 ira
500 1139 530 1180 J
532 1138 634 1180 ovis.
685 1138 801 1189 Non,
820 1136 898 1193 qui
915 1135 1165 1185 mortalibus
1183 1143 1246 1178 est
1264 1150 1369 1185 mOS,
1439 1164 1442 1165 ν

180 1214 307 1255 Mens
323 1212 384 1254 illi
402 1211 553 1269 quovis
570 1210 742 1261 mimine
761 1211 861 1253 laesa
879 1219 1042 1253 tumet:

123 1287 213 1329 Nec
230 1285 332 1328 latet
351 1294 555 1328 aeternum
575 1283 741 1331 sceleris
758 1283 838 1327 sibi
856 1281 1046 1331 conscius
1063 1290 1221 1324 auctor.

179 1361 399 1402 Arcanum
417 1358 581 1401 facinus
597 1358 677 1403 scit
694 1372 876 1403 reserare
894 1357 996 1400 dies.

125 1434 267 1477 Serius
285 1443 360 1476 aut
378 1433 501 1476 citius
518 1448 657 1491 poenae
675 1432 829 1481 delicta
846 1440 1112 1490 sequuntur:

181 1511 272 1552 Nec
291 1509 326 1552 si
341 1509 437 1566 quis
455 1508 570 1551 visus
588 1507 677 1552 fata
690 1508 832 1550 Deam
851 1505 1053 1564 effugere,

124 1583 258 1626 Nulla
273 1591 415 1625 manet
433 1597 601 1625 merces-
651 1580 808 1626 Aliena
825 1578 991 1638 piacula
1007 1578 1209 1636 pendent,

182 1659 279 1700 Aut
297 1656 384 1699 nati
403 1664 478 1698 aut
495 1654 605 1702 natis
622 1661 793 1713 prosata
810 1652 1044 1710 posteritas,

126 1734 191 1774 At
205 1746 282 1774 nos
296 1729 558 1777 tantumdem
572 1729 796 1787 justosque
815 1726 1031 1783 malosque
1050 1724 1189 1768 valere

185 1803 423 1856 Credimus,
443 1812 572 1861 atque
591 1802 707 1849 intus
726 1809 790 1844 sat
809 1799 888 1844 sibi
905 1798 1087 1857 quisque
1106 1796 1257 1855 placet„

127 1878 274 1919 Donec
289 1874 494 1933 supplicio
513 1882 651 1918 tactus
666 1872 807 1923 dolet:
837 1880 938 1915 ante
954 1880 1144 1929 petaeem

187 1951 291 2006 Spes
309 1947 496 1990 animum
515 1946 633 1990 vanis
649 1946 778 1995 lactat
795 1944 1071 2002 imaff'nibu&

128 2023 170 2064 N
173 2037 219 2064 ec
236 2021 314 2063 sibi
333 2019 494 2063 desistit
512 2018 720 2077 placidam
740 2017 945 2075 spondere
963 2015 1157 2066 salutem,

186 2097 353 2152 Aspera
369 2108 496 2152 quem
517 2100 654 2135 vastat
672 2106 749 2134 nec
767 2089 1016 2136 medicanda
1033 2088 1137 2132 lues.
1240 2147 1242 2149 -

131 2171 252 2227 Saepe
270 2167 395 2210 etiam
413 2165 594 2224 pavidus
611 2164 733 2208 fortis
751 2163 831 2207 sibi
849 2162 1020 2206 nomina
1037 2161 1172 2220 ponit,

187 2245 248 2286 Et
267 2242 402 2300 turpis
420 2240 526 2284 facie
545 2256 589 2283 se
606 2247 731 2297 putat
749 2253 838 2282 esse
855 2238 979 2281 bona.

101 2313 107 2315 ⁴
130 2319 212 2360 Est
225 2316 300 2374 qui
318 2314 518 2374 pauperie
537 2328 705 2372 pressus
717 2312 848 2370 jacet,
865 2320 910 2354 et.
928 2319 1068 2354 tamen
1087 2309 1216 2353 audet

189 2391 390 2447 Ingentes
407 2388 547 2431 animo
564 2388 722 2444 fingere
740 2384 918 2428 divitias.

40 2496 44 2499 Α
133 2463 207 2506 Nil
226 2463 489 2505 intentatum.
542 2461 665 2503 Secat
682 2458 753 2501 ille
771 2457 969 2517 cupidine
988 2455 1095 2499 lucri

191 2535 361 2579 Caerula
378 2533 662 2577 monstriferos
679 2547 787 2590 quos
805 2531 894 2589 agit
912 2530 1029 2573 unda
1047 2529 1185 2571 sinus:

134 2610 225 2653 Nec
243 2607 395 2651 metuit
412 2607 575 2650 nimbos
593 2606 831 2663 iterumque
850 2604 1087 2660 iterumque
1107 2602 1293 2644 furentes

191 2685 443 2740 Expectare,
464 2680 613 2724 animae
633 2678 837 2738 prodigus
856 2677 945 2735 ipse
965 2690 1064 2718 suae.

134 2755 259 2799 Alter
274 2755 453 2798 humum
472 2768 602 2796 curvo
623 2750 841 2795 Cerealem
861 2758 1000 2792 versat
1018 2756 1172 2798 aratro,

195 2832 518 2874 Autumnumve
538 2826 636 2871 satis
654 2833 854 2885 provocat
872 2822 1105 2866 arboribus.

763 2910 841 2951 1³4
