1780 3178
334 241 419 286 294
588 201 593 207 ’
738 223 993 267 10ANN1s
1026 223 1271 266 sToBAEI
1323 227 1335 265 ἢ

331 343 557 385 Restantes
574 341 754 383 frustraz
786 347 830 382 et
848 337 984 397 epulis
1002 352 1030 380 a
1052 336 1281 380 Saliaribus

332 416 584 475 Opibusque
600 413 750 472 opimis
767 413 824 456 ad
838 427 974 455 sacras
989 411 1106 454 sedes
1124 411 1255 469 rapit..

854 486 918 528 Ib.
939 486 1148 527 Incertus.
1270 536 1273 537 ⁷

391 565 551 606 Contra
568 559 923 604 immortalitatem
941 557 1148 600 medicina
1166 565 1229 599 est
1245 556 1392 598 fames.
1461 561 1463 563 ’

599 645 644 692 5.
665 634 907 678 Menander
925 633 1127 675 Fratrem
1145 631 1398 673 amantibus.

390 711 529 762 Quam
549 709 671 753 dulce
689 709 778 751 vita
796 715 859 749 est
877 707 911 749 si
929 704 1184 764 quibuscum
1202 703 1384 752 maxime

335 783 494 843 Cupias
511 791 693 835 aetatem,
713 797 799 824 non
818 780 895 824 tibi
915 780 991 823 soli
1011 779 1172 837 exigas!

908 854 948 896 6.
970 854 1102 896 Idem.

792 927 931 971 Dulce
950 936 1014 970 est
1027 927 1150 980 mori,

336 1003 419 1047 Cui
439 1003 579 1046 vivere
598 1016 684 1045 non
703 1010 766 1044 est
784 1017 838 1044 ex
857 1000 984 1043 animi
1005 1000 1224 1043 sententia.

758 1084 796 1128 7.
818 1074 936 1115 Idem
955 1074 1250 1130 Supposititio.

681 1148 813 1191 Hunc
831 1147 956 1190 credo
974 1146 1258 1190 felicissimum

337 1223 422 1275 Qui
441 1239 538 1266 cum
559 1222 768 1280 spectarit,
789 1223 1014 1274 Parmeno,
1034 1220 1196 1279 placide
1215 1222 1356 1264 Deam

336 1300 532 1355 Augusta
550 1297 674 1349 dona,
695 1296 805 1338 redit
823 1312 874 1341 eo
893 1295 1009 1338 unde
1026 1304 1213 1337 venerat:

335 1374 366 1415 J
370 1372 490 1424 ubar‚
510 1371 698 1428 inquam,
722 1357 828 1413 Solis
847 1369 1080 1428 publicum,
1100 1370 1248 1422 nubes,
1269 1385 1413 1427 aquas,

338 1446 501 1502 Ignem.
553 1445 750 1501 Namque
769 1458 900 1485 annos
918 1443 1110 1500 quamvis
1129 1453 1298 1486 centum
1317 1443 1483 1495 vixerit,

337 1518 502 1561 Eadem
522 1516 704 1560 videbit:
739 1516 875 1574 sitque
894 1516 990 1559 licet
1009 1524 1110 1560 aetas
1127 1516 1280 1568 brevis,

339 1593 505 1634 Tamen
523 1584 736 1649 istis‘nihil
755 1599 818 1632 est
837 1590 1065 1648 conspicari
1084 1590 1317 1650 pulchrius.

311 1657 315 1659 >
338 1667 579 1721 Mercatum
598 1664 721 1707 crede
740 1672 907 1723 tempus
923 1665 1004 1707 hoc
1024 1664 1141 1722 quod
1159 1664 1330 1717 vivitur,

338 1739 476 1797 Cujus
495 1737 656 1781 visendi
674 1739 992 1796 peregrinamur
1010 1738 1156 1797 gratia.

338 1813 501 1855 Forum
520 1812 594 1864 ibi,
614 1812 837 1866 tumultus,
858 1814 988 1866 fures,
1007 1813 1229 1871 colloquia,
1249 1812 1353 1856 alea.
1377 1814 1397 1838 5

337 1886 448 1928 Abis
467 1886 501 1928 si
519 1886 695 1944 primus,
715 1886 795 1929 hoc
813 1886 1045 1929 viaticatior

337 1958 535 2001 Divertes
553 1959 723 2001 melius:
755 1959 835 2001 eris
854 1959 1029 2002 infestus
1047 1960 1214 2002 nemini.

339 2034 398 2075 At
417 2033 492 2090 qui
511 2032 712 2084 subsistit,
731 2032 767 2075 is
785 2031 1015 2076 delassatus
1033 2034 1156 2091 perit,

338 2106 396 2147 Et
415 2104 523 2147 male
543 2120 754 2147 senescens
773 2105 957 2162 aliquam
977 2115 1202 2163 egestatem
1216 2107 1385 2149 incidit:

340 2179 544 2230 Vexatur,
564 2178 704 2219 hostes
721 2178 890 2235 reperit,
910 2178 1080 2221 insidias
1099 2180 1224 2222 subit.

342 2251 585 2309 Longaevus
603 2267 821 2309 nunquam
836 2252 952 2294 facili
971 2262 1106 2295 morte
1124 2253 1331 2311 fungitur}

864 2324 903 2366 8.
926 2325 1158 2368 Philemon.

402 2396 541 2439 Satius
559 2397 665 2439 mori
684 2413 813 2454 quam
832 2397 972 2440 vivere
989 2398 1218 2441 infeliciter.
1234 2413 1239 2417 ·
1279 2429 1284 2434 ι

866 2485 905 2528 9.
922 2473 1158 2530 Sophocles.

400 2544 499 2586 Non
519 2559 606 2586 esse
624 2542 797 2602 praestat
814 2545 973 2603 quippe
992 2561 1120 2602 quam
1140 2545 1279 2589 luctus
1297 2546 1397 2604 pati.

841 2631 903 2659 10.
927 2618 1181 2661 Menander.

401 2688 574 2740 Quoties
598 2705 723 2733 senex
742 2702 805 2733 est
822 2691 974 2749 aliquis
992 2701 1034 2733 et
1052 2692 1151 2734 victi
1169 2692 1375 2751 indigens,

342 2762 439 2805 Non
461 2764 615 2807 durum
634 2774 697 2807 est
715 2774 892 2807 mortem
910 2774 1133 2823 oppetere:
1166 2766 1238 2809 sed
1257 2782 1353 2813 cum
1373 2766 1548 2810 faciliter
1584 2766 1588 2769 ’
