1780 3178
374 263 427 304 82
779 259 1043 302 IOANNIS
1075 259 1323 302 STOBAEI

376 375 497 417 Felix
519 376 709 432 profecto
730 374 763 417 si
784 374 888 417 mori
909 375 1193 432 contingeret:

376 449 515 491 Vitam
538 449 580 491 in
600 449 773 491 miseriis
793 449 959 491 trahere
978 447 1157 491 difficilis
1175 447 1306 490 labor.

901 535 941 575 4.
964 522 1196 563 Philemon.

434 597 472 638 O
495 595 642 646 Cleon,
663 595 805 637 desine
824 609 1062 652 nugarum:
1095 594 1175 637 nisi
1193 593 1299 652 quid
1317 594 1507 637 addiscas
1524 595 1639 647 boni,
1705 632 1707 638 Α
1726 625 1731 628 -
1769 627 1771 630 -

376 671 473 711 Non
495 669 626 721 vides,
649 677 697 711 ut
717 669 831 711 omni
851 668 1010 711 auxilio
1027 667 1158 711 vitam
1179 667 1381 711 destituas
1401 670 1544 710 tuam?

375 744 574 800 Namque
594 751 643 784 ut
662 743 894 800 naufragus
913 750 1080 784 natator
1099 750 1253 784 terram
1273 741 1352 783 nisi
1372 740 1651 799 prehenderit

376 817 474 858 Non
495 815 589 873 quit
608 815 780 873 adipisci
800 815 999 858 salutem:
1033 814 1090 858 sic
1109 815 1185 872 qui
1204 830 1366 873 pauper
1385 815 1521 857 factus
1539 824 1616 866 est,

375 892 528 931 Artem
548 889 627 931 nisi
648 889 855 942 didicerit,
877 889 1007 931 vitam
1026 889 1174 947 nequit
1193 889 1237 931 in
1257 898 1352 932 tuto
1370 903 1538 947 ponere.

379 963 488 1005 Sunt
507 963 696 1020 pecuniae
715 963 834 1015 mihi,
856 962 1023 1021 inquis3
1056 977 1208 1021 nempe
1226 977 1325 1021 quae
1343 972 1524 1020 pereunt
1541 963 1635 1006 cito.
1683 949 1705 997 .'j

378 1037 442 1077 At
462 1036 612 1077 domus
634 1046 746 1088 sunt,
769 1046 867 1079 sunt
886 1046 929 1079 et
948 1036 1065 1095 agri:
1098 1036 1231 1079 nescis
1249 1037 1432 1079 fortunae
1451 1036 1575 1088 vices,

379 1111 487 1161 Quae
505 1110 704 1168 perfacile
722 1110 895 1153 divitem
916 1111 1042 1154 hodie
1060 1126 1151 1154 cras
1170 1111 1411 1153 mendicum
1430 1111 1600 1153 fecerit?

379 1185 585 1226 Nostrum
598 1184 880 1242 quisquam2si
892 1185 1252 1243 fortunaeportum
1260 1185 1487 1243 appulerit,
1494 1185 1718 1228 anchoram

378 1257 549 1315 Dejicit,
571 1267 613 1300 et
633 1258 690 1300 sic
709 1266 829 1301 extra
845 1258 984 1316 pelagi
1005 1274 1048 1300 se
1066 1258 1176 1300 locat
1195 1257 1447 1308 violentiam.

379 1331 477 1372 Hoc
498 1330 530 1372 si
551 1331 714 1379 eveniat
734 1330 942 1389 imperito,
963 1340 1111 1388 raptus
1129 1345 1217 1388 qua
1235 1331 1349 1374 venti
1369 1331 1526 1384 ferunt,

379 1402 558 1445 Nullum
578 1404 733 1462 reperit
749 1405 865 1462 quod
886 1414 1050 1448 senecta
1064 1420 1227 1463 pauper
1241 1394 1485 1463 praesidium
1501 1417 1688 1465 occupet.

380 1477 464 1519 Sed
485 1477 659 1520 tribules
680 1487 722 1521 et
742 1479 903 1521 sodales
922 1488 964 1521 et
984 1479 1151 1537 cognati
1171 1480 1397 1522 conferent.

381 1552 476 1592 Imo
495 1560 596 1608 opta
615 1551 784 1594 illorum
802 1552 1006 1610 periclum
1028 1569 1081 1595 ne
1102 1553 1154 1596 sit
1173 1553 1411 1596 faciendum
1429 1554 1528 1597 tibi:

383 1624 455 1666 Sin
476 1641 525 1666 eo
545 1625 698 1677 venies,
720 1625 948 1683 comperies
967 1626 1139 1669 umbras
1157 1642 1258 1679 esse,
1279 1626 1393 1670 aliud
1415 1627 1530 1670 nihil.

787 1708 828 1758 5.
850 1699 1068 1742 Hesiodus
1091 1701 1309 1758 Operibus.

440 1771 515 1813 Ille
534 1771 639 1814 iram
661 1776 858 1829 superam
879 1781 1008 1830 atque
1028 1772 1173 1815 odium
1194 1772 1367 1815 mortale
1387 1782 1585 1827 meretur,

383 1845 466 1897 Qui
488 1845 544 1888 sic
564 1846 669 1888 vivit
687 1846 796 1889 iners
816 1857 1018 1905 tanquam
1039 1847 1126 1890 sine
1145 1847 1337 1890 acumine
1357 1848 1480 1891 fucus

383 1921 624 1977 Depascens
642 1920 822 1977 ignavus
839 1936 970 1979 apum
990 1930 1187 1980 congesta
1205 1921 1359 1964 labore.

722 2013 727 2021 ·
775 1995 813 2035 6.
837 1994 1059 2052 Sophocles
1081 1994 1326 2054 Iphigenia.

441 2065 598 2107 Nullus
620 2065 782 2124 supinae
801 2067 967 2110 fructus
985 2077 1048 2110 est
1066 2068 1260 2126 ignaviae,

384 2139 475 2180 Nec
495 2138 690 2181 feriantes
709 2139 884 2197 adjuvat
903 2140 1045 2182 fautor
1065 2141 1202 2190 Deus..

768 2224 807 2269 7.
830 2213 1071 2255 Menander
1096 2214 1340 2257 Tutoribus.

442 2285 553 2326 Cum
574 2284 684 2327 valet
704 2285 882 2343 ignavus
901 2301 1029 2344 quam
1051 2302 1148 2329 cum
1168 2281 1432 2346 febritpejor
1451 2298 1535 2331 est:
1628 2340 1646 2344 Ἰ,

384 2357 495 2408 Quia
515 2373 640 2400 sanus
660 2358 839 2416 duplum
861 2367 1027 2402 tantum
1047 2358 1250 2401 inutiliter
1270 2371 1436 2404 comest.
1596 2351 1598 2353 Ι

945 2434 982 2474 8.
1005 2432 1164 2475 Alexis.

903 2501 1038 2556 Quem
1062 2505 1241 2563 saginari
1255 2506 1380 2563 juvat

384 2575 582 2626 Quotidie
601 2584 643 2619 et
662 2576 723 2619 nil
741 2593 865 2634 agere
884 2578 1142 2636 condignum
1162 2578 1270 2630 cibo,

386 2648 470 2689 Sed
489 2649 630 2691 otiosis
649 2649 906 2692 circumferri
926 2651 1131 2708 passibus,

385 2720 465 2763 Ille
484 2722 633 2781 edepol
654 2723 751 2766 vitae
769 2724 895 2781 pestis
915 2724 1179 2768 infestissima
1197 2736 1270 2768 est.
