1780 3178
450 274 918 318 FLORILEGIUM.
948 274 1049 317 Trr.
1075 276 1169 317 106.
1396 275 1475 318 261

139 385 230 427 Nec
250 400 294 428 se
311 386 537 430 invidenda
555 388 664 431 tollit
686 388 731 431 in
750 389 931 447 fastigia.

138 458 250 500 Nam
270 459 344 516 qui
363 460 523 503 minore
540 461 726 504 volvitur
745 462 881 520 spatio
899 462 1052 505 cadens

138 531 284 574 Multo
302 532 465 576 facilius
485 534 640 576 damna
658 534 895 578 dissimulat
914 550 1002 578 sua.

137 606 305 664 Majore
323 607 452 651 moles
471 619 589 652 vasta
607 625 705 652 cum
726 594 904 668 strepitu
919 609 1018 652 ruit.

135 679 300 744 Invidia
318 680 439 724 claris
458 697 621 740 semper
639 691 703 726 est
721 682 849 725 rebus
866 698 1018 734 comes,

136 754 197 796 Et
215 770 312 797 cum
331 756 445 798 favet
465 757 659 799 Fortuna
676 765 892 814 captatum
911 756 1038 799 venit.

570 911 879 960 TITULUS
914 911 1047 960 CVI.

214 1031 290 1069 DE
319 1030 462 1069 ILLlS
490 1031 589 1071 QUI
615 1030 936 1074 FORTUNATI
964 1030 1110 1070 SUNT
1138 1030 1391 1069 INDIGNE.

483 1140 519 1170 1.
541 1128 778 1185 Euripides
797 1129 1127 1187 Bellerophonte.

191 1201 350 1245 Fidens
367 1202 526 1245 honore
547 1202 718 1260 spiritus
738 1202 923 1245 tumidos
941 1202 1062 1261 geris.

132 1275 209 1318 Ah
228 1275 403 1318 moriar:
436 1275 594 1334 almum
613 1291 789 1330 cernere⁵
800 1276 918 1318 haud
938 1276 1044 1319 tanti
1064 1285 1127 1320 est
1140 1276 1271 1334 jubar

133 1351 198 1393 Ut
216 1350 374 1394 honore
392 1350 539 1409 plenos
559 1359 679 1393 tuear
698 1350 873 1408 indigno
891 1350 1035 1393 malos.

619 1435 657 1467 2.
679 1424 799 1466 Idem
817 1425 984 1482 Dictye.

189 1497 222 1538 J
223 1511 291 1538 am
311 1512 421 1555 saepe
440 1496 543 1549 vidi,
564 1512 675 1555 saepe
694 1506 736 1539 et
754 1497 926 1555 indigne
946 1497 1025 1540 tuli

132 1570 275 1612 Bonos
294 1579 513 1628 sequentes
533 1569 659 1613 moris
678 1570 918 1628 exemplum
937 1570 1036 1613 mali

134 1645 334 1687 Sermone
352 1660 450 1687 cum
469 1655 678 1687 certamen
695 1645 803 1687 irato
823 1645 981 1703 strepit.

130 1718 191 1760 At
209 1717 316 1760 illud
334 1716 482 1776 ingens
500 1717 594 1760 visu
614 1727 657 1760 et
676 1717 827 1760 auditu
846 1718 964 1760 nefas

132 1791 335 1850 Aliquem
356 1799 560 1834 tacentem
579 1791 736 1849 probra
753 1791 946 1849 pejorum
965 1790 1065 1849 pati.

621 1879 662 1921 3.
684 1865 803 1906 Idem
826 1865 973 1907 OEneo.

190 1940 396 1992 Fortuna,
419 1939 554 1991 amici,
568 1955 672 1981 cum
691 1939 823 1982 malos
841 1939 1018 1981 nimium
1037 1939 1166 1991 fovet,

130 2012 197 2056 Illi
215 2013 452 2066 insolentes,
473 2012 593 2055 liberi
611 2028 749 2071 poenae
768 2022 900 2062 metu,

132 2087 344 2146 Quicquid
363 2087 510 2130 lubido
529 2087 659 2130 dictat
677 2087 876 2130 audacter
894 2095 1075 2145 patrant.

586 2176 627 2215 4.
650 2162 763 2204 Idem
785 2162 1073 2220 Supplicibus.

188 2236 277 2278 Res
295 2234 544 2293 permolesta
562 2244 625 2278 est
643 2235 824 2277 maxime
843 2234 1116 2292 optimatibus

132 2310 244 2351 Cum
265 2308 480 2366 dignitatis
499 2307 600 2350 flore
620 2307 684 2350 vir
704 2307 895 2365 splendet
909 2308 1059 2359 malus,

132 2381 216 2433 Qui
236 2381 328 2423 vilis
346 2390 444 2423 ante
456 2380 547 2438 jam
567 2379 696 2422 trahit
711 2379 861 2437 lingua
879 2379 1028 2421 tribus.

682 2454 722 2495 6.
744 2453 916 2495 Ibidem.

190 2528 293 2569 Heu
311 2541 408 2568 cum
429 2526 636 2568 malorum
654 2534 754 2568 vota
770 2525 962 2567 fortunat
977 2524 1111 2575 Deus,

131 2601 198 2642 Ut
216 2598 468 2642 insolescunt
486 2599 603 2641 velut
622 2599 667 2641 id
686 2607 891 2641 aeternum
910 2598 1043 2640 foret?

606 2682 647 2728 5.
670 2672 789 2714 Idem
808 2672 988 2713 Helena.

189 2744 411 2788 Feliciores
432 2761 541 2803 saepe
560 2745 742 2804 perversi
763 2744 917 2803 probis.

764 2834 782 2858 ⁸
804 2830 828 2873 3
