1780 3178
370 303 456 345 224
770 291 1031 336 IOANNIS
1063 291 1308 336 STOBAEI

367 405 495 448 Adeo
513 420 539 448 a
557 404 700 448 dolore
719 405 837 448 nulla
855 420 953 464 pars
971 405 1071 450 vitae
1089 414 1221 449 vacat.

731 502 734 504 ·
802 478 870 522 18.
890 479 1010 520 Idem
1029 479 1278 523 Phoenissis.

424 553 587 596 Cerno:
619 566 765 595 verum
786 551 953 610 ignava,
973 551 1073 595 vitae
1091 567 1232 610 parca,
1252 567 1319 596 res
1336 551 1552 611 opulentia
1573 560 1646 595 est.

826 638 890 683 19.
914 625 1030 668 Idem
1055 626 1248 684 Telepho.
1343 627 1347 630 ’

417 701 558 744 Tenui
576 709 728 760 paratu
745 701 886 744 vivere
904 700 1102 758 equidem
1121 699 1332 752 mavelim,

361 776 501 827 Quam
520 774 731 834 possidere
749 773 923 817 divitem
942 773 1239 831 aegrimoniam.

848 860 918 893 20.
939 847 1220 906 Antvsphtmes.

417 921 651 977 Nunquam
669 919 841 962 beatum
860 919 1033 972 credidi,
1053 919 1364 977 quantumlibet

359 993 638 1051 Opulentum‚
658 992 733 1051 qui
752 1008 798 1035 re
815 1002 938 1051 parta
955 993 1133 1036 nesciret
1150 994 1248 1036 frui.

475 1114 480 1121 Ι
830 1123 833 1125 -
923 1067 990 1110 Ib.
1008 1067 1140 1110 Idem.

417 1141 482 1182 At
501 1154 576 1182 nos
595 1138 766 1192 divitiae,
786 1153 877 1182 mos
895 1147 946 1182 ut
960 1147 1024 1182 est
1041 1140 1214 1183 medicis
1232 1140 1367 1195 malis,

358 1215 505 1257 Caecos
523 1213 708 1257 efficiunt
726 1228 824 1256 cum
842 1212 1030 1256 oculatos
1049 1214 1296 1272 acceperint.

724 1292 791 1332 21'.
813 1288 1055 1330 Menander
1074 1288 1134 1332 Se
1151 1289 1333 1346 lugente.

703 1363 829 1404 Caeca
846 1375 912 1403 res
930 1361 1111 1418 pecunia
1129 1369 1192 1404 est
1203 1377 1216 1403 ι

357 1435 527 1493 Quique
544 1436 675 1478 aciem
694 1435 739 1478 in
759 1451 801 1478 se
821 1434 1028 1493 defigunt,
1048 1435 1126 1478 hos
1144 1450 1274 1479 caecos
1293 1435 1407 1479 facit.

917 1520 984 1553 22.
1005 1510 1136 1552 Idem.

413 1581 581 1624 Delitiae
601 1582 739 1624 nimiae
758 1581 930 1640 pariunt
946 1581 1225 1634 insolentiam,

355 1655 635 1713 Pecuniaeque
653 1655 872 1698 dominum
891 1654 1106 1712 trajiciunt
1126 1670 1251 1698 suum

355 1729 406 1771 In
424 1745 559 1772 mores
577 1729 679 1772 alios
698 1744 825 1787 quam
845 1743 953 1786 quos
971 1728 1168 1772 induerat
1185 1729 1316 1787 prius.

822 1814 890 1859 23.
907 1803 1219 1846 Naumachius.

410 1876 649 1933 Argentum
672 1882 799 1932 atque
817 1889 970 1918 aurum
989 1874 1094 1917 nihil
1113 1884 1176 1918 est
1195 1872 1278 1918 nisi
1292 1874 1428 1933 gleba.
1480 1875 1635 1933 Lapilli

352 1949 599 2007 Quisquiliae
619 1959 661 1992 et
679 1949 835 1992 fluctus
854 1958 952 1992 sunt
971 1958 1252 2007 purgamenta
1265 1950 1429 2002 marini,

351 2022 504 2074 Qualia
521 2022 730 2065 flumineae
749 2033 848 2065 sunt
867 2023 1002 2066 multa
1018 2023 1061 2065 in
1082 2024 1269 2082 margine
1283 2025 1400 2082 ripae.

352 2098 432 2148 At,
452 2112 538 2154 qua
555 2096 651 2139 lana
670 2097 808 2150 rubet,
829 2098 962 2140 sanies
980 2097 1034 2140 de
1052 2098 1211 2144 murice
1229 2098 1365 2142 fiuxit.

745 2229 769 2251 1

750 2305 1060 2354 TITULUS
1092 2298 1295 2354 Xclv.'

369 2435 637 2474 PECUNIAS
662 2435 827 2473 JUSTE
855 2435 927 2473 ET
955 2435 1075 2473 CUM
1102 2434 1268 2472 MODO
1297 2434 1664 2482 COMPARATAs,
1711 2422 1715 2425 ’

531 2505 820 2543 INNOXIAS:
850 2505 922 2542 ET
949 2505 1185 2543 D1V1T1AS
1215 2505 1276 2543 IN
1303 2505 1505 2545 RERUM

642 2573 947 2612 MEDIARUM
977 2574 1104 2611 ESSE
1132 2574 1384 2612 NUMERO.

727 2689 761 2717 1.
785 2676 1023 2732 Euripides
1044 2676 1308 2732 Melanippa.

406 2748 445 2789 Ο
468 2749 592 2798 Nate,
613 2747 756 2790 multis
771 2748 971 2790 convenit
986 2747 1232 2789 mortalibus

349 2821 573 2862 Moderata
592 2837 731 2862 rerum
751 2822 895 2878 copia:
928 2830 971 2863 at
992 2821 1120 2863 moles
1140 2830 1272 2863 nocet.
