1780 3178
360 257 377 285 1
388 245 441 290 28
778 247 1043 290 IOANNIS
1075 247 1314 291 STOBAEI

351 351 464 392 Tum
485 350 665 393 Thressa
683 350 798 409 pelta
817 352 998 410 pendeat
1017 353 1071 398 de
1090 353 1233 398 lectuli
1251 353 1471 406 columnis,

352 425 583 483 Doctisque
603 441 682 483 ego
701 426 744 468 in
764 426 918 468 chartis
936 426 1075 484 legam
1093 427 1218 471 samm
1235 428 1415 487 pmhata
1429 428 1572 472 verba.

777 511 818 555 5.
840 500 1062 543 Rhileman
1079 502 1266 558 Pyrrho.

411 571 595 614 Sollicita
609 572 761 629 quaerit
778 572 1125 631 philosophorum
1145 576 1273 628 natio,

353 645 544 686 Immane
564 645 732 702 quantis
751 653 990 703 temporum
1009 646 1255 705 dispendii&

344 702 459 769 'Quae
479 718 532 761 sit
550 718 650 761 boni
670 727 845 762 natura:
879 735 955 762 nec
973 720 1129 779 reperit
1148 730 1301 765 tamen.

349 792 559 835 Virtutem
579 793 750 851 μείω
767 793 854 846 ille,
874 803 918 837 at
937 793 983 836 hi
1000 794 1282 852 prudentiam.

349 868 459 910 Haec
479 867 583 925 quid
603 868 685 910 sint
704 878 903 926 quaerunt
922 884 1007 911 non
1026 869 1180 923 minus,
1199 885 1330 929 quam
1343 871 1453 928 quid
1468 872 1642 915 bomin.

348 941 447 998 Ego
467 950 619 983 terram
639 941 815 994 fodiens,
835 942 982 987 vivens
1000 943 1132 986 vitam
1150 944 1365 998 watinum,

349 1018 486 1068 Quam
505 1017 626 1060 facile
646 1018 799 1071 inveni,
821 1019 853 1061 J
855 1019 1038 1077 uppiter,
1059 1020 1178 1078 quod
1197 1020 1250 1063 sit
1259 1021 1426 1064 *bonum
1442 1037 1452 1063 :

349 1092 440 1132 Pax
461 1106 624 1148 nempe,
647 1092 885 1150 sospitatrix
898 1102 949 1136 >et
967 1093 1148 1137 clemens
1162 1095 1268 1137 Dea.

348 1162 531 1214 Prolem,
552 1173 764 1222 cognatos,
786 1181 914 1218 sacra,
935 1167 1102 1219 amicos,
1124 1168 1308 1225 nuptias,

347 1236 589 1287 Annonam,
610 1236 771 1288 vinum,
792 1236 1024 1289 sanitatem,
1045 1238 1217 1296 gaudia,

346 1307 527 1350 Divitias
545 1323 629 1366 pax
649 1309 745 1352 fert.
796 1310 888 1352 Ista
907 1310 941 1354 si
960 1310 1203 1365 defecerint,

346 1381 478 1424 Nulla
496 1398 583 1425 esse
602 1383 842 1427 hominibus
861 1385 949 1428 vita
967 1386 1105 1429 vitalis
1123 1395 1272 1445 potest.

859 1460 897 1501 6.
920 1461 1169 1518 Empides.

401 1530 469 1571 De
491 1530 634 1572 Marte
654 1530 819 1588 quoties
837 1531 924 1574 itur
943 1531 987 1574 in
1003 1533 1221 1592 suffragia,

344 1602 481 1643 Nemo
499 1601 714 1644 imminere
734 1604 890 1661 cogitat
909 1614 1085 1648 mortem
1107 1607 1209 1649 sibi:

345 1673 429 1715 Sed
449 1673 627 1732 quisque
646 1675 806 1718 cladem
826 1677 1082 1721 destinamus
1101 1679 1232 1722 alteri.

342 1746 468 1797 Quod
489 1746 521 1788 si
540 1747 583 1788 in
604 1748 780 1790 comitiis
799 1749 949 1792 funera
966 1760 1064 1794 antae
1083 1752 1227 1795 oculus
1245 1753 1398 1807 forent,

342 1819 517 1862 Fui-iata
534 1821 646 1864 bello
665 1837 749 1864 non
768 1826 943 1880 perisset
963 1825 1139 1868 Graecia.

340 1894 493 1951 Atqui,
515 1894 696 1938 duarum
715 1912 814 1939 cum
831 1897 958 1940 datur
977 1914 1117 1941 rerum
1137 1899 1266 1957 optio,

340 1969 446 2018 Quae
466 1968 548 2011 sint
566 1968 757 2013 videmus
777 1972 995 2015 commoda
1012 1982 1141 2031 atque
1160 1973 1436 2036 incommoda,

339 2042 592 2099 Quantoque
611 2042 749 2100 potior
770 2045 911 2087 Marte
931 2061 1016 2102 pax
1037 2046 1298 2099 mortalibuffi

339 2114 446 2164 Quae
465 2114 588 2157 docta
607 2116 741 2158 nutrit
760 2117 912 2169 studia,
933 2134 1031 2175 quae
1045 2119 1185 2163 luctus
1203 2120 1341 2178 fugat,

339 2187 632 2231 F'oecunditate
651 2189 823 2247 gaudet,
844 2191 1063 2249 opulentat
1080 2192 1268 2235 domum.

336 2261 496 2302 Tamen
516 2261 595 2304 hac
614 2261 771 2314 relicta,
792 2263 946 2306 ferreas
965 2264 1063 2307 belli
1086 2265 1194 2308 vices

336 2334 558 2392 Eligimus.
608 2337 670 2378 Et
688 2335 762 2393 qui
783 2336 879 2393 plus
898 2346 1037 2395 potest
1057 2354 1133 2380 sua
1153 2339 1232 2382 sub
1245 2339 1355 2398 Juga

337 2407 475 2450 Mittit
493 2408 630 2450 virum
650 2409 728 2461 vir,
748 2409 960 2453 civitatem.
977 2411 1132 2470 eivitas.

696 2491 737 2536 7.
755 2482 1064 2542 Arr'atzfflbmnes
1082 2486 1306 2529 Auctibus.

393 2554 432 2595 Ο
448 2554 590 2606 stulte,
612 2554 762 2597 stulte:
794 2555 888 2613 fuci
908 2556 998 2600 hoec
1018 2557 1162 2601 insunt
1178 2559 1341 2603 omnia:

335 2626 541 2669 Habitare
560 2626 717 2679 villam,
737 2627 871 2670 colere
890 2644 963 2672 tus
982 2630 1092 2673 villae
1110 2631 1308 2683 andnemu,

334 2699 488 2740 Procul
507 2700 712 2743 abstinere
732 2716 774 2743 se
793 2701 873 2744 fori
894 2703 1082 2760 negotiis,

334 2771 504 2814 validos
522 2773 629 2819 duos
648 2771 802 2816 habere
822 2785 1003 2819 aratores
1021 2776 1163 2829 boves,
