1838 3276
422 234 477 278 26
817 229 1072 275 IOANNIS
1105 229 1348 273 STOBAEI

556 346 722 388 Paulus
742 346 1031 390 Silentioerius.
1055 343 1253 401 [Anthol.
1276 343 1366 385 Pal.
1390 341 1479 384 IX.
1500 341 1622 398 v444]

421 418 648 477 Virginitas
666 418 872 476 pretiosus
891 418 1037 470 honos,
1058 417 1131 460 sed
1150 417 1239 459 vita
1255 415 1424 474 periret,
1514 466 1517 469 ἱ

480 493 524 536 Si
544 493 653 535 foret
672 492 715 534 in
735 491 896 534 cunctis
916 490 1166 549 virginitatis
1185 505 1313 533 amor.

419 568 608 625 Legibus
627 582 801 609 uxorem
823 566 932 609 socia
950 565 1026 608 tibi
1043 583 1053 608 ε
1086 566 1143 608 sic
1163 565 1283 607 dabis
1301 564 1393 607 orbi

476 642 562 683 Pro
582 650 623 683 te
642 639 866 691 hominem,
883 654 1018 696 purus
1037 638 1173 696 turpis
1187 637 1394 680 adulterii.

482 714 710 771 Ληιεραιεν
735 713 1130 756 Thessalonicensis.
1155 710 1353 768 [Anthol.
1378 708 1736 766 Pa1.1x.961.]:-
1827 681 1830 683 ’

419 786 655 844 Antigenes
671 785 811 828 anima
822 786 913 843 jam
926 786 1017 843 jam
1036 785 1226 843 fugiente
1245 784 1406 827 Gelous

480 860 590 901 Haec
608 857 722 900 dulci
741 867 851 900 natae
870 858 1000 901 verba
1019 873 1215 915 suprema
1234 857 1372 899 dedit:

422 931 609 975 Pulchra
625 947 754 989 genas
772 931 906 990 virgo,
928 931 1089 975 soboles
1108 946 1215 983 mea,
1236 946 1333 973 cara
1351 938 1550 988 sequetur

478 1007 542 1049 Te
561 1005 702 1048 colus:
734 1006 815 1048 hoc
833 1005 972 1048 tenuis
991 1013 1054 1048 sat
1073 1005 1151 1048 sibi
1170 1004 1256 1047 vita
1274 1013 1409 1062 putet.

422 1080 595 1123 Nubere
615 1080 649 1122 si
666 1079 805 1130 detur,
825 1078 1076 1136 probitatem
1095 1079 1150 1121 ab
1170 1078 1365 1121 Achaide
1384 1087 1516 1120 matre

480 1153 685 1211 Exprime
701 1169 711 1194 ε
743 1152 820 1194 dos
839 1152 918 1194 erit
937 1152 1027 1195 haec
1046 1167 1131 1195 non
1150 1152 1341 1210 peritura
1358 1151 1461 1194 viro.

691 1212 897 1268 [nemus.
922 1224 1120 1282 [Anthol.
1143 1225 1233 1267 Pal.
1257 1226 1344 1267 IX.
1373 1226 1487 1283 132]

424 1301 534 1342 Sunt
553 1300 727 1343 adversa
746 1300 823 1342 sibi
842 1300 982 1358 pudor
1000 1309 1129 1358 atque
1148 1316 1288 1343 amor:
1321 1308 1364 1342 et
1383 1308 1522 1342 tamen
1541 1294 1666 1340 ambo
1697 1308 1702 1312 '
1735 1296 1740 1300 ’

482 1373 672 1415 Exitium
692 1381 846 1416 eventu
865 1389 976 1432 saepe
995 1374 1130 1418 tulere
1148 1374 1252 1432 pari.

426 1447 665 1506 Hippolyto
684 1456 862 1491 mortem
881 1464 1017 1491 mores
1035 1449 1219 1492 tribuere
1239 1449 1395 1491 severi:

483 1520 711 1578 Hippolyti
731 1521 805 1563 sed
825 1530 880 1574 te,
903 1522 1100 1574 Phaedra,
1119 1522 1296 1580 peremit
1315 1537 1444 1564 amor.

691 1595 908 1638 Palladas.
933 1595 1124 1652 [Anthol.
1147 1595 1236 1638 Pal.
1261 1597 1350 1638 IX.
1375 1596 1493 1653 170.]

424 1667 644 1725 Experior,
664 1675 852 1710 ventrem
870 1668 1099 1727 reprimens
1118 1683 1306 1711 sermone
1327 1683 1484 1720 severo,

483 1740 740 1783 Indomitam
759 1750 923 1798 partem
942 1741 975 1784 si
994 1742 1154 1784 ratione
1174 1741 1367 1788 domem:

423 1815 484 1856 Et
503 1813 608 1871 quid
627 1814 685 1866 ni,
706 1830 804 1856 cum
824 1824 969 1858 ventre
987 1816 1152 1859 animus
1172 1816 1390 1859 sublimior
1407 1824 1556 1868 exstet,

482 1886 659 1929 Vincere
679 1887 732 1930 sit
751 1887 872 1930 nobis
890 1888 1088 1931 inferiora
1106 1889 1280 1932 datum?

761 1961 892 2002 Idem.
917 1959 1115 2017 [AnthoL
1137 1960 1227 2003 Pal.
1250 1962 1311 2004 X.
1332 1963 1426 2021 56.]

425 2032 611 2084 Credite,
628 2033 793 2090 decepti
812 2034 934 2076 toties
951 2034 996 2076 in
1015 2049 1156 2077 amore
1174 2035 1328 2087 mariti,

485 2105 677 2148 Credite:
710 2105 826 2147 nulla
845 2114 945 2148 nota
963 2115 1026 2149 est
1044 2115 1158 2149 certa
1175 2107 1403 2164 pudicitiae.

427 2180 518 2220 Nec
537 2186 683 2236 turpes
701 2178 806 2221 faeie
827 2194 990 2238 semper
1009 2180 1096 2222 sine
1115 2166 1286 2229 crimine
1305 2181 1470 2234 vivunt,

484 2252 575 2293 Nec
595 2266 757 2309 semper
775 2252 922 2295 formae
940 2252 1075 2310 gloria
1091 2252 1248 2296 crimen
1267 2253 1405 2297 habet.

392 2320 396 2322 ’
428 2323 592 2366 Multas
611 2323 792 2381 aspicere
811 2332 888 2376 est,
909 2339 1006 2382 quae
1024 2324 1192 2382 pulchri
1210 2326 1395 2384 corporis
1414 2318 1545 2371 usum*

483 2397 675 2440 Tentatae
694 2397 812 2440 nullo
830 2413 1004 2441 munere
1020 2399 1294 2458 prostituunt.

430 2471 539 2512 Sunt
558 2478 600 2511 et
619 2470 840 2522 deformes,
861 2471 1018 2528 quibus
1035 2471 1228 2516 insatiata
1244 2473 1376 2517 libido
1394 2484 1470 2528 est,

486 2543 678 2599 Quaeque
697 2543 856 2586 audent
874 2531 1059 2602 pretium
1077 2560 1233 2603 ponere
1246 2546 1464 2590 adulterio.

427 2616 527 2657 Non
548 2615 668 2672 siqua
687 2626 879 2673 aspectus
898 2617 1068 2660 simulat
1086 2617 1218 2661 vitare
1236 2618 1389 2671 viriles,

484 2687 734 2744 Tetricaque
753 2688 906 2731 attollit
924 2689 1041 2732 triste
1059 2691 1343 2748 supercilium,

428 2762 556 2803 Certa
573 2761 787 2818 pudicitiae
807 2763 881 2806 dat
900 2763 1088 2822 pignora.
1142 2766 1262 2823 Saepe
1282 2767 1413 2809 severi

489 2834 578 2876 Sub
601 2834 742 2877 vultus
762 2835 895 2892 specie
916 2836 1098 2880 maxima
1116 2838 1232 2881 furta
1251 2838 1393 2882 latent.
