1780 3178
465 264 932 317 FLORILEGIUM.
964 275 1065 319 Trr.
1090 278 1157 320 68.

146 371 385 426 stamineis,
406 381 520 418 trans
540 375 667 419 vitam
684 377 888 422 humilem
907 368 984 425 s‘ua
1000 381 1161 426 lumina
1178 383 1320 437 mittit,

144 445 255 488 Vera
266 446 475 506 jugantur
493 448 567 492 ubi
587 451 809 504 connubia,
830 452 1017 513 foetaque
1037 456 1190 500 sanctis

142 519 325 563 Vocibus
342 521 506 565 interno
524 524 682 582 gaudet
702 541 818 569 mens
837 527 1000 572 conscia
1017 537 1156 587 partu.

142 593 266 645 Quod
287 594 319 636 si
340 594 426 637 vita
445 595 520 638 tibi
539 596 676 654 placet
693 597 874 656 hospita,
889 600 1092 658 providus
1110 602 1263 646 horum

141 666 248 717 Quae
268 683 355 709 sors
372 667 452 712 ista
471 669 613 722 trahit,
634 671 802 714 monitis
820 682 863 715 te
881 672 1035 716 ducere
1053 690 1242 734 pergam,

141 739 206 780 Ut
224 749 394 797 portum
414 755 541 784 cursu
559 741 681 785 liceat
701 742 882 786 tenuisse
901 745 1096 793 secundo.

511 817 551 858 6.
572 816 838 875 Philiffpides
856 817 1100 862 Auamma.

197 886 261 928 Ut
279 886 490 930 abstinens
508 889 707 947 conjugio
725 889 888 947 placide
907 890 1069 934 viveres
1208 929 1215 936 .

138 960 321 1003 Fueram
339 969 486 1004 auctor
505 961 698 1021 Phidyle.
749 963 921 1021 Optime
939 963 1077 1008 aiebat
1096 965 1235 1015 Plato.

137 1033 214 1076 vel
233 1050 283 1078 eo
302 1035 500 1078 carendus
519 1036 703 1094 nuptias,
723 1037 892 1095 negotia

136 1107 205 1150 Ne
223 1107 347 1166 plura
364 1107 419 1150 ad
438 1107 568 1150 ictum
586 1116 758 1166 pateant
777 1109 959 1153 fortunae
978 1110 1122 1168 magis.

599 1193 638 1236 7.
658 1181 1002 1226 Amandrides.

192 1252 411 1296 Abeamus
429 1268 456 1296 a
472 1253 636 1311 puella..
674 1253 891 1298 Amaritioe
909 1265 972 1298 est
989 1271 1135 1314 penus.

644 1327 683 1370 8.
706 1328 960 1386 ffiffonaoe.

190 1399 315 1441 Uxor
333 1398 484 1442 marito
502 1399 576 1442 dat
595 1399 703 1443 duos
721 1399 811 1443 dies
829 1400 999 1444 dulces:

132 1473 246 1515 Cum
266 1487 417 1530 sponsa
435 1473 573 1526 nubit,
593 1489 776 1532 cumque
794 1462 924 1518 funus
942 1462 1126 1519 effertur.

617 1561 661 1604 9.
684 1548 986 1606 spic-harmas-

189 1620 230 1662 Ο
250 1619 401 1672 Clinia,
422 1620 538 1663 nulla
558 1635 688 1663 uxore
706 1621 875 1679 gravior
893 1622 1054 1666 sarcina
1072 1631 1145 1665 est.

131 1693 223 1735 Nos
241 1692 403 1736 scimus.
455 1693 576 1736 Felix
595 1702 658 1736 est
676 1693 745 1736 cui
761 1694 921 1737 nescire
938 1695 1019 1738 hoc
1038 1695 1145 1738 licet.

632 1778 697 1808 10.
717 1767 970 1809 Menander.

189 1836 303 1880 Mihi
320 1837 427 1881 bene
446 1838 661 1882 volentum
679 1855 803 1883 nemo
821 1856 998 1884 uxorem
1017 1841 1196 1884 duxerit.

688 1926 706 1955 ι
719 1926 754 1955 1.
775 1915 906 1956 Idem.

188 1991 211 2023 <i
223 1983 339 2026 Audi
359 1992 407 2027 tu
427 1984 502 2042 qui
517 1984 698 2028 statuisti
717 2000 892 2029 uxorem
912 1987 1088 2030 ducere:

132 2057 210 2100 Sat
226 2056 332 2100 bene
351 2056 444 2109 erit,
464 2071 596 2115 parvo
615 2056 649 2099 si
668 2057 912 2115 defungaris
931 2059 1056 2102 malo.

580 2144 645 2177 12.
668 2132 906 2190 Eum’pides
925 2134 1017 2175 Im.

190 2202 325 2246 Haud
343 2203 498 2261 scripta
516 2212 627 2247 recte
639 2205 741 2262 jura
758 2214 859 2247 sunt
876 2205 1109 2248 connubiis.

130 2275 289 2319 Docuit
306 2275 477 2318 beatum
497 2276 691 2334 pluribus
710 2292 753 2319 se
772 2276 978 2338 uxoribus

131 2349 312 2402 Socim-e,
333 2358 511 2408 quantas
528 2349 639 2393 alere
658 2350 865 2393 sufficeret
883 2350 1048 2403 domus,

131 2423 198 2465 Ut
215 2421 499 2464 inaudientem
517 2421 692 2480 pelleret
709 2422 947 2481 penatibus,

131 2494 295 2536 Bonam
313 2493 468 2538 volenti
486 2494 612 2537 oorde
631 2503 813 2538 servaret
831 2495 919 2540 sibi.

131 2566 259 2609 Nunc
277 2581 363 2609 una
381 2566 469 2610 sola
485 2566 703 2625 accipitur,
720 2566 922 2610 immenso
940 2567 1063 2610 nimis
1083 2593 1085 2595 ·

129 2640 240 2683 vitae
258 2639 424 2698 periclo.
474 2643 586 2685 Nam
604 2641 852 2700 priusquam
872 2642 1000 2684 intrat
1014 2641 1187 2684 domum

131 2714 255 2756 Nova
274 2721 421 2772 nupta,
441 2713 558 2759 nulla
574 2715 702 2758 m'oris
719 2715 951 2773 exploratio
970 2723 1044 2757 est.

591 2809 610 2830 Ἰ
625 2803 723 2836 Ποία·
738 2803 778 2835 ad
793 2801 860 2834 Tit.
872 2802 994 2834 xmv.

783 2873 863 2915 Μ3

1395 280 1475 336 ¹65
