1780 3178
411 253 878 298 FLORILEGIUM.
909 256 1011 298 Trr.
1038 268 1130 301 122.
1365 268 1446 314 297

114 365 197 409 Cui
218 381 312 424 spes
329 366 462 410 inanis
480 367 693 411 credulam
711 378 894 411 mentem
912 369 1038 412 fovet.

111 439 339 482 Pulchram
357 456 481 498 agere
498 441 643 493 vitam,
662 441 858 494 nobilem,
877 449 954 484 aut
971 442 1148 500 pulchre
1167 442 1286 486 decet

113 513 266 557 Obire:
298 514 426 557 habes
443 515 730 572 quodcunque
748 515 971 558 dicendum
991 516 1085 559 fuit.
1186 514 1190 517 ⁷

408 601 477 645 23.
494 589 724 647 AEschylus
742 589 1159 648 Arnwmmjvzdido.

169 661 311 704 Vitam
330 661 373 704 in
393 662 567 706 miseriis
584 678 709 720 agere
727 678 834 720 quos
851 663 992 706 luctus
1010 664 1162 722 parit?-

511 747 579 788 24.
598 736 836 794 Eurt'pides
855 737 1060 780 Pirithoo.

175 806 378 850 Indeoore
397 807 484 850 vita
503 807 632 850 satius
650 816 713 850 est
730 823 816 850 non
835 808 986 850 vivere.

673 893 700 923 2
700 891 741 937 5.
762 881 892 923 Idem.

176 951 423 996 Viventibus
441 962 483 996 te
500 953 706 1011 impende.
757 954 869 995 Nam
887 954 963 1011 qui
980 963 1043 997 est
1053 962 1253 1005 ‘mortuus

120 1028 293 1071 Humus
312 1037 375 1072 est
393 1036 436 1071 et
455 1028 617 1072 umbra.
664 1027 743 1071 Nil
762 1028 879 1085 quod
899 1037 988 1071 erat
1006 1028 1051 1071 in
1071 1029 1131 1071 nil
1151 1031 1249 1072 abit.

503 1181 811 1231 TITULUS
845 1182 1065 1232 CXXII.

631 1300 706 1360 DE
733 1299 933 1340 LUCTU.

511 1411 546 1439 1.
568 1397 847 1455 Bacchylides
865 1399 1068 1456 Hymnis

181 1472 327 1529 Majus
344 1470 463 1513 luctu
484 1462 598 1512 venit
616 1469 752 1522 nobis,

123 1547 163 1590 O
183 1555 294 1597 nate,
313 1544 492 1587 malum:
524 1543 690 1602 farique
708 1553 837 1594 vetat.

505 1631 544 1663 2.
566 1618 810 1676 ιΕει-Ιιςῃῖω
815 1619 1076 1666 Heraclidis.

182 1693 294 1735 Nam
314 1691 451 1750 majus
468 1690 585 1734 aliud
603 1691 741 1749 patiar
758 1692 838 1734 hoc
856 1706 1072 1749 nunquam
1094 1692 1215 1735 malo.

684 1770 732 1822 ’3.
754 1766 895 1809 Solon.

126 1839 194 1880 Ne
213 1837 315 1881 mihi
335 1838 388 1880 sit
407 1837 569 1880 lethum
587 1837 760 1896 planetu
780 1837 890 1881 sine:
923 1839 995 1881 sed
1016 1854 1108 1881 mea
1127 1840 1265 1882 tristes

185 1913 355 1955 Funera
371 1911 598 1955 amicorum
617 1912 892 1956 condecet-ent
909 1912 1146 1971 lachrymae.

508 1997 550 2038 4.
571 1986 808 2043 Euripides
832 1986 1085 2028 Troadibus.

187 2060 326 2110 Quam
344 2059 480 2102 dulcis
498 2068 561 2102 est
578 2074 645 2101 res
662 2059 802 2102 luctus
820 2058 994 2101 assuetis
1011 2058 1135 2110 malo,

133 2131 340 2189 Modique
359 2131 496 2175 tristes
514 2140 642 2189 atque
660 2131 920 2174 lamentatio!

550 2213 591 2260 5.
613 2205 829 2246 Homerus
851 2205 1048 2261 Odyssea.

189 2278 385 2334 Namque
402 2277 538 2319 honor
555 2276 624 2319 hic
643 2275 798 2319 functis
820 2276 970 2318 misero
988 2277 1234 2320 mortalibus
1251 2293 1366 2329 aevo,

48 2368 55 2372 ·
132 2351 316 2394 Tonderi
334 2360 463 2409 caput
480 2360 523 2394 et
541 2350 775 2408 lachrymas
792 2350 1007 2393 effundere
1027 2350 1163 2393 salsas.

581 2463 586 2467 .
624 2426 663 2467 6.
685 2425 804 2466 Idem
822 2424 972 2466 Iliade.

193 2499 284 2540 Nos
302 2498 544 2540 Patroclum
562 2498 788 2555 ploramus,
808 2497 940 2539 honos
959 2498 1034 2555 qui
1053 2507 1186 2540 morte
1200 2497 1406 2556 peremtis.

237 2584 241 2587 ’
537 2583 575 2626 7.
596 2572 833 2628 Euripides
846 2572 1064 2616 Archelao.

195 2645 276 2686 Est
294 2652 338 2686 et
355 2643 578 2702 lachrymis
597 2644 728 2687 mixta
746 2643 955 2702 voluptas,

139 2718 250 2759 Cum
271 2716 365 2773 quis
384 2716 503 2759 amici
522 2732 641 2760 msus
659 2717 798 2760 animo

143 2787 369 2831 Miserante
389 2788 529 2844 gemit.
598 2831 605 2834 ,
