1780 3178
461 254 927 305 FLomLEGmM.
956 258 1058 301 m.
1082 271 1149 314 29.

125 373 324 435 Deliquia
345 375 464 428 Solis,
485 375 634 433 quidni
653 373 813 432 possint
833 373 1038 431 proxima,

124 453 184 494 Et
203 451 280 494 sibi
299 459 477 508 cognata
493 448 655 507 quaevis
673 446 1011 505 deprehendere?

548 535 618 580 34.
640 523 759 565 Idem
778 522 1026 580 Hippolyto.

184 599 273 643 Et
262 615 351 658 ipse
368 600 510 643 fautor
528 607 591 641 est
608 596 815 640 laboranti
834 597 966 639 Deus.

612 682 682 728 35.
709 670 967 712 sseodectee.

643 742 790 787 Multo
808 750 872 785 est
885 757 994 800 opus

126 821 308 869 Labore,
327 819 500 862 laudum
521 818 682 862 illustre
700 816 907 875 quaerenti
923 816 1051 859 decus
1065 849 1074 856 .

126 893 303 951 Ignavia
320 903 459 936 autem
479 891 646 950 gaudiis
664 890 941 950 praesentibus
1068 886 1073 888 ’

125 967 243 1010 Emit
262 966 425 1009 dolores
443 965 673 1024 postfuturi
689 963 898 1022 temporis.

486 1041 556 1097 36.
578 1039 818 1097 Euripides
838 1038 1096 1093 Sthenoboea.

183 1115 386 1157 Desertus
405 1129 431 1156 a
449 1114 616 1156 favente
634 1111 806 1154 fortuna
823 1110 942 1153 labor

127 1190 224 1232 Non
244 1189 462 1246 defatigat,
483 1197 532 1230 ut
550 1196 672 1230 vetus
691 1186 775 1228 fert
793 1184 933 1227 dictio.

630 1271 701 1317 37.
723 1258 955 1316 Sqihocles.

183 1334 300 1377 Nihil
321 1333 482 1377 molesti
502 1334 654 1376 retinet
673 1340 845 1375 exactus
862 1331 992 1374 labor.

560 1407 628 1465 38.
651 1407 771 1449 Idem
791 1405 1032 1448 Laocoonte.

185 1482 216 1523 J
220 1491 348 1524 uvant
367 1480 530 1524 labores
550 1479 712 1523 transiit
730 1487 954 1537 postquam
973 1477 1103 1520 labor.

657 1566 727 1610 39·
748 1552 932 1611 Agatho·

186 1629 342 1671 Itinere
360 1628 461 1671 trito
479 1643 562 1670 non
581 1627 615 1670 it
631 1626 773 1670 anima
790 1625 1007 1667 industria.

633 1713 706 1755 40.
727 1699 952 1742 Philiscus.

186 1776 226 1818 Ο
247 1774 408 1827 stolide,
428 1789 515 1817 non
534 1774 592 1816 sic
610 1774 766 1831 agitur,
786 1781 837 1814 ut
855 1771 971 1814 molli
989 1771 1077 1814 otio

130 1848 310 1891 Praemia
327 1848 518 1891 laborum
538 1862 623 1890 non
642 1846 879 1889 laborantes
898 1845 1046 1887 ferant.

600 1933 674 1974 41.
695 1918 993 1977 Xemsphwnea

187 1996 288 2037 Non
305 1994 432 2036 semel
449 1993 635 2035 humano
653 1991 796 2049 generi
814 1991 876 2033 Di
896 1999 1047 2032 cuncta
1065 1988 1297 2031 dederunt:

133 2068 388 2111 Monstravit
407 2066 479 2109 sed
498 2066 625 2124 longa
643 2064 732 2107 dies
750 2063 922 2106 meliora
934 2063 1129 2122 repertis.

623 2149 694 2191 42.
716 2137 969 2194 Hipponax,

190 2213 369 2256 Nullum
387 2212 568 2255 otiosum
588 2219 731 2269 patere
750 2219 918 2266 tempus
934 2204 1058 2250 elabi.
1129 2219 1146 2225 “

606 2296 679 2339 43.
700 2282 992 2340 Apolloeim-us.

191 2357 384 2416 Negotiis
402 2357 436 2400 si
457 2366 624 2414 tempus
643 2369 830 2400 assumas
844 2354 944 2406 tuis,-

137 2434 291 2475 Serena
308 2446 407 2473 mox
425 2429 587 2472 videbis
604 2443 654 2471 ac
670 2427 837 2486 placida
853 2427 1006 2470 omnia.

194 2578 382 2621 Labores
400 2577 509 2620 inter
526 2575 660 2620 inulta
676 2574 855 2632 pulchra
872 2588 916 2616 se
934 2581 1147 2616 exserunt.

536 2661 605 2705 45.
628 2648 1073 2691 Menander-Morosa

596 2723 734 2774 Quem
751 2721 943 2764 laborum
961 2735 1046 2763 non
1064 2719 1196 2777 piget,

139 2797 258 2841 Nihil
277 2797 468 2840 arbitrari
488 2796 522 2838 is
542 2795 668 2838 debet
686 2794 946 2851 insperabile-

1402 265 1457 310 79
