1780 3178
428 226 891 273 FLORILEGIUM.
923 226 1029 268 Τῐτ.
1050 226 1119 282 38.

614 370 678 411 17.
701 359 907 399 Incertus.

149 436 286 480 Utilia
303 435 483 494 quisque
502 441 682 491 promat,
703 439 778 472 aut
796 428 1103 488 promentibus,

93 513 325 569 Superatus
344 525 371 551 a
389 508 533 559 livore,
553 521 609 548 ne
627 490 876 548 succenseat.

603 597 670 639 18.
696 597 915 638 Carcinus.

150 674 261 716 Cum
282 682 324 714 te
343 670 598 713 invidentem
618 677 755 720 tueor,
775 675 838 709 est
857 666 973 724 quod
992 664 1198 723 gaudeam
1216 680 1225 704 :

92 745 204 787 Nam
224 743 358 786 multa
376 743 482 784 livor
501 741 610 783 inter
627 739 758 782 habet
775 739 855 781 hoc
874 737 1093 795 proprium
1113 752 1123 777 z

91 818 250 862 Dolore
263 817 480 860 dominum
501 829 663 872 semper
682 812 902 870 opulentat
922 826 1059 853 suum.

591 919 656 961 19.
678 904 928 962 Euripides.

149 982 181 1023 J
182 996 251 1023 am
266 995 376 1037 saepe
394 978 482 1020 vidi
502 977 689 1020 vindices
701 976 964 1049 juris’bonos

94 1055 214 1098 Vinci
233 1069 393 1098 veneno
413 1052 541 1096 tristis
560 1051 813 1094 invidentiae.

522 1149 589 1180 20.
610 1136 729 1178 Idem
750 1133 1007 1176 Aleoecmdro.

96 1215 199 1256 Heu
217 1228 343 1271 pereo
361 1210 512 1253 mentis
529 1218 702 1268 propter
720 1205 1021 1255 excellentiam,
1085 1228 1087 1231 ·

96 1284 350 1330 Aliis.saluti
369 1299 467 1342 quae
485 1283 568 1325 fuit
587 1281 850 1324 mortalibus.

572 1380 636 1411 21.
659 1366 958 1423 Ffflwharmus.

154 1442 260 1494 Quis
279 1441 380 1484 velit
398 1456 483 1483 non
501 1437 768 1489 invidendus‚
788 1453 815 1478 o
834 1434 969 1486 amici,
991 1433 1143 1481 vivere,

97 1515 279 1569 Quando
297 1515 371 1573 qui
391 1529 476 1556 non
493 1512 706 1555 invidetur
724 1509 882 1552 nullius
898 1506 1020 1565 pretii
1040 1514 1103 1548 est
1120 1505 1272 1546 homo?

98 1590 266 1649 Quippe
285 1604 442 1632 caecum
462 1586 537 1645 qui
558 1594 702 1629 tuetur
720 1583 894 1634 indolet,
915 1596 1000 1623 non
1019 1579 1191 1623 invidet.

603 1673 670 1703 22.
693 1659 926 1701 Pindarus.

156 1738 302 1780 Multo
320 1735 498 1779 invideri
518 1734 704 1792 optatius

100 1814 278 1855 Movere
296 1826 425 1869 quam
444 1809 591 1852 fletum
612 1807 743 1850 alteri.

632 1895 698 1939 23.
720 1878 902 1939 Agatho·
958 1897 962 1899 -

158 1958 382 2018 Sapientiae
401 1973 503 2015 ergo
522 1956 672 1998 melius
690 1952 927 2002 inviderier,

100 2036 240 2086 Quam
258 2041 432 2090 propter
449 2044 613 2072 aurum.

611 2113 679 2154 24
701 2099 932 2142 Philemon.

157 2191 179 2222 y
190 2180 382 2224 Nimium
400 2178 582 2236 benigne
601 2176 706 2219 dum
725 2175 863 2225 doces,
884 2171 1060 2215 nimium
1079 2168 1255 2219 invides,

103 2255 242 2313 quue
261 2254 350 2312 agis
370 2261 420 2295 ut
437 2252 529 2294 haec
546 2259 610 2293 tot
626 2248 801 2292 audiens
819 2246 975 2288 discam
994 2242 1111 2286 nihil.

498 2332 564 2380 25.
587 2320 804 2364 Hesiodus
827 2318 1046 2376 Operibus.

162 2399 231 2443 Sic
248 2380 381 2456 figulo
399 2395 572 2454 figulus,
592 2393 715 2436 fabro
732 2391 852 2434 faber
870 2389 1045 2439 invidet,
1065 2396 1108 2429 et
1127 2386 1184 2428 sic

103 2472 208 2515 Odit
225 2472 347 2529 inops
365 2470 547 2527 inopem,
568 2466 626 2510 sic
645 2475 781 2508 vatem
803 2462 984 2519 denique
1003 2469 1129 2503 vates.

519 2543 584 2586 26.
605 2539 826 2598 Sophocles
847 2539 1017 2579 Creusa.

164 2621 263 2662 Non
281 2618 450 2669 divitiis,
471 2631 556 2659 non
575 2611 772 2671 conjugio

554 2786 570 2807 1
584 2780 684 2811 Refer
698 2779 738 2811 ad
753 2778 821 2809 Tit-
833 2774 991 2807 xxxvl.

1370 233 1425 279 93
