1780 3178
347 245 432 292 170
743 237 998 282 10ANN1s
1031 237 1275 284 SToBAEI

349 339 432 383 His
451 340 548 383 laeta
568 340 652 384 vita
671 352 743 384 est.
797 343 896 385 Sors
915 343 1070 400 quibus
1089 345 1239 388 cecidit
1257 361 1388 398 secuS,

346 413 420 456 Nil
440 413 518 457 nisi
537 414 702 457 miseria
720 423 848 459 restat
866 426 910 459 et
927 417 1031 460 foris
1049 427 1092 460 et
1110 418 1236 461 domi.

752 502 816 543 14.
835 491 1056 548 Sophocles
1075 492 1276 535 Phaedra.

404 561 551 604 Uxore
570 578 700 620 prava
718 563 835 606 nulla
853 564 1058 622 contingit
1071 565 1163 608 viro

348 635 491 692 Major
509 635 744 685 calamitas;
776 651 852 679 nec
871 637 983 680 bona
1001 638 1138 696 majus
1158 639 1328 682 bonum.
1661 636 1687 673 'l

348 708 550 767 Quisque,
571 718 620 752 ut
638 710 841 767 periclum
859 711 972 764 fecit,
993 712 1052 754 ita
1070 727 1159 755 rem
1172 713 1349 770 judicat.

724 791 790 841 15.
811 785 1028 829 Hesiodus
1055 787 1315 845 Theogowia.

405 858 634 915 Assignata
652 859 743 901 viro
762 868 871 901 nutu
891 860 922 901 J
924 860 1014 902 ovis
1033 860 1290 904 altitonantis

349 931 555 984 Foemina,
575 931 735 994 grande
754 932 926 975 malum.
979 933 1063 975 Sed
1080 948 1247 976 consors
1265 934 1351 977 fida
1370 935 1560 978 laborum

348 1004 430 1046 Est
448 1002 605 1046 eadem.
656 1004 747 1046 Nec
765 1013 886 1062 parte
904 1004 986 1048 alia
1004 1005 1163 1048 sincera
1181 1005 1398 1064 voluptas:

348 1077 460 1118 Nam
481 1075 555 1134 qui
575 1077 832 1119 connubium
851 1078 1039 1136 fugitans
1055 1093 1262 1137 curasque
1275 1079 1443 1138 jugales

350 1149 591 1207 Praecipites
610 1165 741 1192 annos
759 1151 929 1208 attingit
948 1151 1092 1194 caelibe
1110 1151 1212 1204 vita,

349 1222 528 1265 Auxilio
545 1232 658 1266 caret
676 1223 746 1266 ille
766 1236 914 1266 senex:
947 1224 981 1266 si
1000 1225 1122 1282 copia
1138 1225 1276 1267 victus
1352 1243 1355 1246 ¹

351 1297 562 1355 Suppetit,
583 1297 691 1340 hanc
710 1299 857 1355 poscit,
877 1298 1155 1356 morientique
1173 1298 1361 1341 imminet
1378 1298 1512 1341 haeres

349 1371 556 1428 Ingratus.
608 1372 780 1423 Contra,
803 1371 1007 1415 thalamos
1026 1372 1095 1415 cui
1114 1372 1459 1426 fatadederunts

349 1444 394 1487 Si
414 1444 614 1502 prudens,
635 1453 782 1487 ornata
799 1445 921 1488 bonis
941 1445 974 1488 s'i
994 1445 1181 1495 moribus
1200 1446 1323 1499 uxor,
1360 1460 1362 1462 ’
1660 1444 1663 1448 ’
1683 1458 1690 1478 ⁶

348 1519 557 1576 Prospera
574 1527 814 1575 compensat
833 1519 965 1570 duris,
987 1528 1030 1562 et
1049 1518 1183 1562 tristia
1200 1519 1318 1562 laetis.

753 1591 817 1632 16'.
839 1592 1078 1649 Euripides
1098 1593 1289 1635 Hecuba.

407 1664 666 1708 Calumniari
684 1679 831 1722 parce:
863 1680 917 1707 ne
936 1666 1050 1718 soevi,
1071 1666 1279 1709 aestimans

351 1737 460 1782 Tuis
479 1737 652 1780 miseriis
671 1753 795 1780 omne
811 1737 1058 1780 foemineum
1076 1753 1223 1796 genus.

349 1814 418 1855 De
437 1820 561 1870 gente
580 1820 722 1854 nostra
740 1805 838 1868 pars
857 1811 913 1853 ad
926 1810 1172 1868 exemplum
1191 1811 1304 1854 bona
1322 1820 1407 1854 est:

349 1887 455 1928 Pars
473 1885 516 1927 in
535 1883 741 1927 malarum
755 1884 854 1941 jure
872 1897 1092 1927 censemur
1110 1899 1250 1942 grege.

824 1968 889 2012 17.
908 1957 1212 2014 Ιῆγίεήανηωε.

406 2031 492 2073 Par
510 2029 610 2072 facit
628 2045 762 2073 novus
780 2030 956 2077 maritus
974 2029 1096 2087 quasi
1114 2035 1180 2072 ter
1191 2037 1273 2072 saut
1291 2032 1355 2071 ter
1374 2028 1506 2072 sexies

347 2105 501 2148 Aleam
514 2106 646 2162 jactet
664 2105 833 2148 fritillo:
866 2119 962 2147 nam
983 2105 1159 2161 probam
1179 2104 1214 2147 si
1230 2103 1405 2147 duxeris

346 2179 408 2221 Et
424 2178 663 2236 benignam,
683 2193 749 2220 res
769 2177 952 2220 secunda
970 2176 1133 2230 cecidit,
1155 2182 1218 2219 est
1237 2176 1354 2234 quod
1371 2176 1557 2234 gaudeas
1568 2180 1623 2218 :12‘

350 2250 424 2294 Sin
444 2266 609 2308 vagam,
631 2250 744 2293 domi
764 2250 1087 2306 infrequentem,
1099 2257 1385 2301 summosam,-
1400 2248 1636 2306 garrulam
1661 2253 1688 2287 '5

347 2325 446 2366 Non
468 2339 576 2367 uxor
595 2324 672 2367 tibi
692 2324 782 2366 haec
801 2323 951 2366 futura
966 2332 1038 2366 est*
1050 2323 1124 2369 sed
1142 2323 1249 2366 bene
1261 2322 1644 2374 -comtacalamim
1655 2327 1674 2335 ”

734 2397 798 2439 18.
820 2396 1058 2453 Euripides
1079 2396 1298 2453 OEdaespode.

404 2473 532 2514 Casta
551 2485 594 2512 se
613 2478 802 2512 matrona
821 2468 1181 2526 totam2mancipat
1193 2473 1359 2527 ‘servam
1382 2468 1493 2522 vito:

347 2548 454 2598 Quae
474 2545 584 2588 mala
602 2554 678 2597 est,
700 2544 857 2602 spernit
877 2545 1012 2586 feroce
1028 2544 1251 2602 conjugem
1269 2543 1472 2586 vecordia.
1683 2553 1690 2575 ν

766 2631 830 2673 19.
854 2607 1259 2674 Idem‘*Meldmippa.

404 2691 515 2733 Odio
533 2706 620 2733 esse
639 2693 862 2747 postquam
882 2689 1022 2745 coepit,
1044 2689 1127 2730 heu
1146 2689 1343 2731 miserum
1362 2703 1495 2745 genus
