1780 3178
360 236 417 292 96
762 233 1025 277 IOANNIS
1059 233 1291 278 STOBAEJ

361 349 422 391 Et
441 356 638 406 congesto
655 349 817 407 gratius
836 364 955 391 auro.

363 423 486 466 Adeo
505 433 567 466 est
586 439 818 467 assuescere
837 423 1036 466 multum.

891 507 932 553 5.
956 499 1164 540 Incertus.
1205 524 1207 526 ·

417 569 515 612 Vita
534 569 727 627 lugubris
745 577 921 627 patemo
941 569 1094 627 degere
1112 578 1320 612 extorrem
1342 569 1440 612 solo.

786 643 825 684 6.
847 644 1087 701 Euripides
1106 644 1268 701 AEgeo.

416 716 527 757 Nam
548 715 654 773 quid
673 723 849 773 paterno
869 715 1035 758 dulcius
1055 716 1226 758 tandem
1247 716 1360 759 solo?

847 800 888 844 7.
911 789 1026 831 Idem
1045 790 1212 848 Dictye.

416 861 474 904 Ni
494 877 650 920 pravus
669 878 790 915 esses,
811 863 959 920 patriae
979 878 1199 921 nunquam
1218 875 1306 906 tuae

359 935 619 986 Contemtor‚
641 935 731 977 haec
750 943 924 978 externa
942 935 1139 979 laudares
1159 936 1257 979 sola.

913 1009 950 1051 8.
974 1011 1148 1052 Ibidem.

416 1083 528 1124 Nam
548 1098 615 1124 me
635 1083 807 1140 quidem
827 1099 996 1127 censore
1015 1100 1100 1127 non
1121 1094 1232 1128 recte
1253 1085 1360 1143 sapit

359 1156 443 1207 Qui
462 1156 644 1213 patriam
663 1157 875 1199 collaudat
894 1158 1087 1211 alienam,
1108 1175 1195 1201 suae

359 1231 619 1283 Contemtor‚
640 1230 768 1288 inque
788 1220 872 1274 non
894 1248 990 1274 suos
1005 1248 1141 1274 mores
1161 1233 1263 1275 abit.

821 1321 863 1362 9.
884 1307 1003 1348 Idem
1023 1307 1233 1349 Phoenice.

417 1378 539 1421 Salve
559 1394 747 1422 meorum
769 1389 880 1422 terra
899 1381 1108 1438 majorum
1123 1384 1291 1438 parens!

357 1452 502 1494 Eheu!
529 1462 575 1495 ut
593 1452 751 1495 homini
771 1453 1004 1511 quamlibet
1017 1469 1160 1511 presso
1174 1454 1294 1496 malis

357 1525 519 1568 Altrice
538 1526 655 1569 nulla
674 1527 837 1570 dulcior
857 1527 980 1570 tellus
999 1528 1145 1571 humo.

923 1614 984 1643 10.
1008 1602 1137 1644 Idem.

417 1674 611 1730 Spartam
631 1673 707 1716 tibi
727 1690 824 1731 quae
843 1674 1020 1732 contigit
1038 1690 1163 1718 orna:

356 1745 490 1788 Nobis
508 1746 665 1788 fuerint
684 1762 786 1794 eura
806 1748 1014 1806 Mycenae.

588 1835 606 1865 1
618 1836 652 1863 1.
669 1823 911 1864 Menander
925 1824 1129 1866 Heauton
1151 1825 1461 1867 Timor-ameno.

412 1896 521 1938 Vere
541 1897 689 1939 beatus
709 1896 785 1954 qui
805 1897 871 1950 sit,
892 1897 938 1939 in
957 1898 1094 1955 patria
1113 1913 1189 1940 sua

356 1968 495 2011 Debet
515 1984 682 2011 manere
701 1979 743 2012 et
762 1970 882 2022 liber,
903 1980 979 2014 aut
998 1971 1140 2029 potius
1159 1971 1277 2014 mori.

786 2057 851 2087 12.
874 2045 1096 2102 Sophocles
1121 2046 1266 2088 Tereo.

470 2115 651 2158 Beatum
673 2125 714 2159 te
732 2126 839 2174 puto
858 2117 970 2170 vitae,
992 2118 1071 2160 hoe
1090 2119 1224 2176 magis

356 2188 482 2239 Quod
502 2189 611 2231 dura
630 2190 760 2232 nescis
780 2190 908 2233 tristis
926 2190 1039 2233 exilii
1058 2192 1179 2234 mala„

731 2279 794 2323 13.
819 2267 1060 2326 Euripide-9
1079 2268 1314 2311 Philoctete.

412 2337 570 2380 Beatus
588 2338 673 2391 ille,
695 2339 769 2396 qui
789 2340 903 2382 domi
922 2334 1025 2382 felix
1044 2350 1196 2383 manet.

855 2426 919 2466 14.
941 2414 1191 2472 AEschsylus.

412 2484 589 2527 Manere
609 2484 734 2527 debet
753 2486 944 2544 quisquis
963 2496 1026 2530 est
1044 2487 1146 2530 felix
1166 2487 1279 2530 domi
1297 2504 1306 2529 :

354 2558 531 2601 Manere
549 2558 706 2601 ibidem
726 2561 916 2619 quisquis
935 2561 1081 2605 infelix
1101 2563 1200 2620 agit.

858 2647 922 2691 15.
950 2637 1180 2694 Theognis.

411 2705 582 2747 Ornabo
602 2714 771 2749 tenuem
790 2707 984 2764 patriam,
1006 2723 1081 2750 nec
1101 2707 1263 2750 civibus
1282 2717 1461 2760 exstans,

355 2776 444 2817 Nec
463 2777 602 2832 pravis
621 2778 813 2833 praebens
831 2778 1020 2822 moribus
1038 2779 1300 2836 obsequium.
