1780 3178
426 291 821 335 FLORILEGIU
822 291 888 335 M.
919 291 1025 334 Trr.
1050 305 1143 345 104.

526 420 567 463 3.
589 406 809 464 Scphocleo
828 405 1035 463 Nauplio.

174 480 295 523 Mala
314 495 495 538 namque
513 495 636 538 passo
654 479 767 523 mille
787 479 821 522 si
839 479 999 522 felicior

116 555 215 597 Nox
235 570 321 597 una
338 555 478 606 detur,
498 553 628 596 altera
650 569 761 596 mors
778 553 983 596 imminet.

626 641 667 682 4.
688 627 941 685 Ειισῄἡάω.

169 702 362 745 Titulum
381 701 493 744 beati
512 701 587 760 qui
608 701 719 752 tulit,
738 700 816 744 fati
836 700 946 744 vices

114 776 247 818 Haud
266 776 387 819 facile
405 775 565 818 tolerat.
614 776 715 818 Non
734 774 862 828 dolet,
883 774 1074 832 quisquis
1092 774 1212 817 malis

114 851 269 892 Suetus
288 849 495 892 miseriam
514 848 639 890 vertit
658 847 703 890 in
721 863 858 890 mores
877 863 984 890 suos.

506 931 554 978 5.
574 921 817 963 Menander
833 921 1047 978 Deposito.

169 995 407 1038 Credulitas
425 1009 562 1037 comes
579 993 748 1036 assidua
765 1002 828 1036 est
846 993 1098 1036 infortunio:

112 1069 216 1112 Plus
235 1069 394 1127 quippe
413 1083 574 1126 semper
592 1067 722 1110 alium
742 1081 886 1124 sapere
904 1066 1112 1109 existimat

112 1142 296 1185 Consilia
315 1157 424 1199 saepe
442 1156 570 1199 quem
589 1140 828 1183 fefellerunt
845 1155 932 1182 sua.

550 1216 589 1257 6.
610 1214 790 1271 Amphis
811 1215 1007 1256 Vinitore.
1091 1248 1093 1250 .

169 1289 334 1341 Quibus
352 1288 460 1331 male
478 1287 667 1330 homines
685 1302 774 1330 rem
792 1298 1012 1345 gesserunt
1029 1287 1073 1329 in
1092 1287 1206 1339 locis,

110 1363 186 1406 Ad
205 1379 255 1406 ea
273 1379 316 1405 se
334 1377 502 1405 rursum
522 1377 607 1404 non
623 1361 801 1403 libenter
813 1360 1040 1418 applicant.

485 1447 524 1492 7.
541 1435 784 1477 Menander
803 1435 1069 1478 Enchiridz‘o.

167 1509 400 1566 Nunquam
418 1515 624 1565 putaram.
675 1507 783 1549 Fors
801 1515 844 1549 et
862 1506 1063 1564 quioquid
1084 1507 1222 1550 evenit

109 1584 438 1642 Inexpectatum‚
459 1591 641 1624 mentem
659 1581 705 1623 id
723 1580 882 1623 homini
900 1590 1154 1639 expectorat.

552 1655 591 1698 8.
611 1655 828 1697 Homerus
845 1654 996 1696 Iliade.

280 1730 346 1772 Ut
363 1743 431 1771 me
450 1743 584 1786 usque
601 1726 722 1770 malis
740 1726 851 1770 mala
869 1741 977 1769 nexa
996 1736 1241 1785 sequuntur.

497 1815 536 1857 9.
557 1800 796 1858 Euripides
815 1800 1048 1858 Antigona.

281 1873 461 1918 Redacti
481 1890 626 1917 sumus
644 1875 700 1916 ad
718 1875 829 1932 ipsas
847 1874 1005 1917 incitas.

597 1961 662 1990 10.
684 1948 804 1990 Idem
822 1948 960 1990 AEob).

167 2022 266 2063 Hoc
286 2021 400 2079 viget
418 2031 462 2064 et
479 2021 613 2072 ardet,
633 2020 740 2063 illud
759 2020 920 2063 effluxit
938 2019 1119 2062 malum:

110 2097 175 2137 At
194 2094 312 2152 quod
330 2094 477 2137 futura
496 2109 584 2137 sors
602 2093 731 2137 trahit
749 2093 861 2136 cerni
880 2102 994 2136 vetat

632 2180 652 2209 1
662 2180 698 2210 1.
715 2167 919 2210 Philetas.

108 2241 182 2283 Nil
199 2240 317 2284 aliud
335 2255 428 2283 mea
444 2255 561 2282 mens
579 2254 709 2297 quam
727 2238 971 2296 concoquit:
1002 2239 1133 2282 altera
1149 2255 1295 2283 rursus
1337 2262 1339 2266 Α

167 2316 290 2357 Stant
308 2313 417 2356 mala
434 2328 513 2371 pro
531 2312 706 2364 foribus,
727 2327 804 2354 nec
821 2311 949 2355 datur
968 2311 1055 2354 ulla
1073 2311 1202 2369 quies.

631 2399 696 2431 12.
717 2387 922 2428 Incertus.

164 2461 239 2503 Ah
259 2475 387 2518 quam
406 2475 517 2518 saepe
534 2459 654 2517 gravi
665 2459 837 2517 jactaris
856 2459 1023 2502 turbine
1040 2474 1195 2511 rerum,

108 2534 234 2577 Mens
251 2550 366 2577 mea:
398 2533 549 2576 ridenti
567 2547 784 2590 nunquam
803 2531 929 2575 micat
946 2547 1050 2574 aura
1067 2547 1224 2584 sereno,

109 2608 195 2650 Sed
213 2623 322 2651 nova
338 2618 543 2666 perpetuo
562 2605 696 2664 surgit
716 2605 793 2648 tibi
811 2605 947 2648 forma
964 2605 1169 2649 dolorum.

525 2693 588 2736 ¹3·
609 2679 850 2722 Menoender
867 2679 1022 2722 Heroe.

166 2752 254 2794 Hei
272 2752 375 2794 mihi
394 2767 490 2810 quae
510 2751 598 2794 solii
615 2751 768 2794 talibus
787 2767 953 2809 mergor
971 2749 1090 2793 malis

106 2827 298 2877 Quorum
316 2826 442 2870 fidem
461 2841 626 2869 omnem
646 2834 815 2883 superat
832 2826 923 2883 ipsa
939 2823 1188 2868 immanitas.

1364 303 1445 348 253
