1838 3276
435 257 490 300 68
829 247 1091 295 IOANNIS
1123 246 1369 292 STOBAEI

1010 388 1055 427 4.
1076 372 1211 416 Idem&

497 453 607 503 Vox,
628 451 766 493 Nosce
786 455 928 499 temet,
950 445 1170 504 Delphicis
1188 442 1375 487 sacrariis

440 525 664 582 Inscripta,
686 524 841 566 famam
861 520 983 563 crede
1001 528 1087 562 non
1099 517 1266 561 frustra
1283 516 1456 559 obtinet.

948 619 989 666 5.
1012 609 1266 652 Menander.

500 686 688 729 Sublime
709 685 743 727 si
762 699 890 742 quem
910 683 1011 726 ferri
1030 682 1259 741 conspicias
1277 680 1452 732 malum,

444 760 634 819 Superbe
653 759 728 817 qui
748 758 904 801 divitiis
923 766 1071 800 utatur
1090 756 1190 809 suis,

444 820 810 890 Superciliumque
830 846 959 889 supra
976 831 1191 873 fortunam
1212 828 1361 887 erigat,

444 907 639 963 Expecta
657 919 786 962 quam
806 918 905 945 mox
926 898 986 945 illi
1006 917 1134 960 poena
1150 901 1390 959 impendeat
1407 917 1416 942 ε

446 982 642 1036 Namque
661 978 786 1020 altius
808 977 974 1019 levatur
993 984 1043 1017 ut
1062 973 1233 1033 gravius
1251 982 1360 1016 ruat.

939 1066 996 1122 ,6.
1018 1065 1273 1123 Euripides,

505 1140 796 1182 Hominumne
816 1154 902 1181 sese
922 1138 1132 1196 quispiam
1150 1152 1351 1195 magnum
1372 1144 1508 1194 putet,

448 1214 621 1258 Occasio
640 1228 767 1271 quem
787 1212 960 1255 minima
977 1212 1099 1254 facile
1118 1211 1339 1254 everterit?
1412 1247 1416 1251 .

1019 1314 1059 1358 7.
1081 1303 1214 1346 Idem.

505 1387 521 1405 θ
535 1377 640 1429 Ubi,
661 1376 735 1434 qui
755 1376 930 1418 latebis?
959 1383 1074 1418 certa
1091 1390 1188 1433 quae
1208 1373 1328 1417 nobis
1346 1373 1465 1424 fides,
1517 1397 1525 1410 ι

453 1454 716 1503 Quaeramus.
767 1450 946 1495 Homini
967 1465 1077 1508 saepe
1096 1448 1322 1492 credulitas
1340 1456 1474 1498 nocet,

454 1526 713 1583 Falluntque
732 1533 951 1567 conantem
971 1523 1110 1566 exitus
1129 1520 1337 1565 contrarii.

1027 1610 1068 1652 8.
1090 1611 1221 1652 Idem.

514 1687 692 1729 Salubre
711 1700 795 1727 non
815 1693 878 1727 est
897 1682 1101 1742 quicquid
1120 1682 1295 1725 excessit
1315 1681 1502 1732 modum,

456 1763 545 1804 Nec
566 1762 708 1804 divum
729 1761 908 1802 honores
926 1773 1076 1816 capere
1094 1756 1291 1800 moratles
1309 1756 1440 1799 decet.

965 1861 1009 1904 9.
1031 1846 1286 1889 Menander.

515 1926 554 1967 Ο
571 1924 719 1966 stultos
737 1922 942 1974 homines,
961 1922 1035 1979 qui
1055 1919 1276 1979 supercilio
1293 1919 1412 1977 gravi

458 1997 646 2039 Subinde
665 2005 876 2054 repetunt,
897 1994 1065 2038 Videro.
1119 1994 1235 2036 'run'
1253 1992 1423 2044 videris,

453 2072 599 2112 Homo
617 2085 714 2112 cum
736 2070 804 2121 sis,
825 2069 880 2111 de
898 2085 958 2121 re,
982 2069 1107 2111 miser
1128 2076 1346 2124 utcunque
1366 2082 1433 2109 res
1451 2065 1604 2108 cadet?

458 2143 596 2200 Atqui
617 2143 810 2185 secundae
827 2157 893 2184 res
913 2150 1061 2199 sponte
1080 2140 1314 2183 adveniunt
1333 2155 1409 2182 sua

457 2217 533 2259 Vel
553 2214 789 2266 dormienti,
810 2229 885 2257 nec
904 2213 1044 2256 minus
1062 2213 1293 2256 contrariae.

961 2299 1027 2329 ιο.
1055 2286 1301 2328 Chaeremon.

517 2360 592 2403 Vis
610 2360 744 2417 major
761 2375 850 2402 esse
869 2374 945 2402 nos
965 2359 1168 2419 superbos
1186 2373 1272 2401 non
1291 2358 1399 2400 sinit.

771 2445 835 2474 11.
858 2431 1100 2474 Menander
1123 2430 1494 2473 Gubemmmm.

920 2505 959 2547 Ο
979 2504 1231 2547 miserrimos
1510 2516 1513 2518 ’

464 2575 728 2628 Moralium,
749 2576 823 2633 qui
844 2577 1014 2634 spiritus
1033 2576 1217 2619 tumidos
1235 2586 1403 2634 gerunt,

465 2649 663 2708 Conditio
682 2649 867 2693 humana
885 2666 983 2707 quae
1003 2650 1056 2693 sit
1075 2665 1159 2694 non
1178 2649 1428 2707 intelligunt.

952 2820 965 2835 ⁶
981 2814 1081 2847 Refer
1097 2814 1138 2846 ad
1153 2813 1222 2847 Tit.
1238 2814 1302 2846 111.
