1780 3178
331 278 416 323 216
731 272 995 316 IOANNIS
1027 270 1266 315 STOBAEI

327 393 393 434 Ita
411 390 555 448 vipera
573 388 660 432 edit
679 388 867 445 viperam
884 394 1012 444 partu
1031 400 1120 428 suo.

662 475 728 504 10.
749 460 987 518 Euripides
1007 457 1339 515 Bellercsplwnte.

388 538 479 579 Nec
498 535 653 577 vulnus
673 534 809 577 ullum
827 533 1051 575 verberans
1069 529 1280 572 inflexeris

331 610 362 651 J
367 623 475 651 unco
492 607 691 666 palustri:
724 622 801 649 nec
820 606 941 648 malae
962 604 1107 647 matris
1126 618 1263 662 genus

332 682 528 725 Librabit
547 682 679 724 hastae
698 679 867 738 pondus
886 678 1098 736 intrepida
1115 692 1256 720 manu.

648 767 713 796 11.
735 754 856 796 Idem
875 752 1112 810 Hippobyto
1135 750 1359 794 Coronato.

390 839 409 859 θ
421 830 534 872 Nam
553 828 661 871 celsa
679 827 871 886 quamvis
888 834 1058 884 pectora
1075 824 1271 882 infringit
1289 823 1424 875 dolor,

335 902 510 954 Quoties
528 909 751 959 parentum
770 899 1025 943 calamitates
1044 898 1256 956 cogitant:

335 977 485 1018 Unum
506 975 579 1018 sed
598 975 718 1017 aiunt
737 989 825 1016 esse
844 989 922 1031 par
939 972 1039 1015 vitae
1058 972 1234 1023 bonum,

337 1050 449 1092 Cum
468 1056 607 1091 rectus
625 1047 790 1090 animus
808 1046 869 1089 nil
889 1044 967 1088 sibi
986 1043 1143 1087 conscit
1157 1042 1269 1086 mali.

338 1122 517 1180 Ingenia
536 1122 610 1165 sed
628 1136 825 1180 perversa
842 1119 1033 1163 rimatrix
1053 1118 1144 1161 dies

337 1196 527 1249 Detexit,
546 1196 676 1258 instar
696 1194 869 1252 virginis
889 1192 1107 1252 speculum
1125 1190 1364 1234 admovens.

754 1331 770 1361 f
782 1330 1088 1382 TITULUS
1122 1329 1262 1378 XCI.

756 1447 895 1486 LAUS
923 1445 1271 1485 DIVITIARUM.

860 1547 899 1575 1.
928 1532 1164 1590 Theognis.

341 1609 439 1650 Non
458 1622 536 1664 ego
556 1614 597 1649 te
617 1606 744 1648 miror
763 1605 942 1658 laudari,
964 1605 1106 1657 Plute,
1128 1605 1319 1647 Deorum

396 1683 508 1724 Ante
528 1680 653 1724 alios:
685 1679 855 1738 culpam
873 1693 972 1722 cum
991 1677 1208 1736 patiantur
1225 1692 1339 1735 opes.

917 1765 956 1797 2.
978 1752 1109 1794 Idem.

342 1828 489 1871 Omnis
508 1828 619 1879 enim
638 1827 775 1885 posita
794 1836 857 1870 est
874 1827 920 1869 in
940 1842 1063 1869 sensu
1083 1826 1213 1868 divite
1232 1825 1382 1868 virtus.

399 1903 527 1947 Ultra
545 1903 577 1946 si
597 1903 702 1961 quid
720 1903 863 1955 habes,
886 1902 1066 1946 utilitate
1085 1909 1212 1944 caret.

342 1978 539 2021 Moribus
557 1977 741 2035 antiquis
759 1976 953 2034 quamvis
972 1991 1142 2034 superes
1162 1971 1560 2017 Rhadamanthum:

400 2052 490 2093 Nec
509 2050 641 2108 sapiat
659 2065 748 2107 prae
768 2060 809 2092 te
831 2049 1038 2108 Sisyphus
1057 2047 1260 2091 AEolides.

342 2128 407 2169 At
424 2133 584 2168 rectum
605 2125 744 2167 fuerat
765 2123 873 2166 solos
892 2123 1092 2165 ditescere
1103 2122 1265 2179 justos:

400 2199 634 2255 Paupertas
653 2195 764 2238 vitiis
783 2195 931 2238 debuit
950 2210 1039 2237 esse
1057 2210 1206 2237 comes.

726 2282 766 2324 3.
788 2268 1027 2325 Euripides
1046 2267 1296 2309 Pkaenissis.

399 2343 631 2398 Utcunque
650 2350 751 2384 nota
769 2349 833 2384 est
852 2341 994 2393 dictio,
1015 2340 1174 2383 effabor
1194 2346 1355 2382 tamen:

342 2418 455 2473 Opes
474 2415 625 2472 opimae
646 2430 852 2457 summam
873 2413 1228 2456 honestitudinem

344 2491 643 2546 Summamque
663 2488 748 2530 vim
768 2503 834 2530 res
851 2488 961 2530 inter
979 2487 1186 2530 humanas
1206 2486 1375 2528 habent.

740 2574 780 2614 4.
800 2563 919 2604 Idem
938 2561 1275 2618 Bellerophonte.

400 2636 585 2678 Pecunia
602 2636 749 2693 ingens
768 2636 932 2693 generis
951 2635 1125 2678 humani
1146 2635 1318 2684 bonum,

387 2764 399 2778 ²
416 2758 514 2789 Refer
537 2759 577 2790 ad
599 2759 665 2790 Tit.
681 2759 871 2791 LXXXIX.
1044 2757 1057 2779 f
1068 2758 1226 2800 Quaedam
1242 2757 1277 2789 in
1292 2757 1353 2788 hoc
1366 2754 1480 2788 'ritulo
1494 2755 1534 2786 ad
1549 2753 1679 2787 divitias

343 2811 487 2852 quidem,
499 2813 555 2844 sed
571 2822 637 2843 non
654 2814 694 2844 ad
710 2813 838 2845 laudem
853 2812 1042 2845 divitiarum
1060 2812 1232 2853 pertinent.
