1780 3178
470 208 931 255 FLomnEGmM.
963 211 1070 254 Tu.
1091 211 1159 254 60.
1398 219 1474 267 137

531 318 595 360 18.
616 317 852 376 Em-tpides
870 317 1105 360 Philoctete.

209 390 367 432 Beatus
383 387 455 432 ille
472 389 548 447 qui
567 389 682 432 domi
700 388 802 432 felix
819 398 976 442 manet,

152 462 380 521 Solidoque
398 478 554 507 merces
571 463 681 506 locat
699 472 743 506 et
759 479 787 507 a
803 471 936 522 ponto
954 463 1144 506 abstinet.

553 550 618 593 19.
639 537 842 581 Moschus
861 538 1087 581 Bucolicis.

211 612 323 654 Cum
340 611 507 669 placido
524 611 700 689 pelagus
717 612 872 655 mulcet
889 612 992 654 levis
1009 626 1114 655 aura
1131 626 1315 664 susurro,

154 685 309 726 Pectus
326 693 421 727 avet
441 693 602 727 tentare
618 683 774 743 vagum
794 700 931 728 mare:
962 700 1038 728 neo
1055 685 1158 728 mihi
1176 675 1311 728 dulcis

153 756 300 809 Terra,
316 757 417 800 sed
406 773 451 800 ιιι
469 758 590 801 mites
607 758 716 801 votis
733 758 846 801 feror
863 757 1058 801 omnibus
1076 758 1226 801 undas.

155 830 221 873 At
239 829 390 872 simul
380 830 564 872 insonuit
583 830 710 873 Nerei
727 830 892 882 domus,
912 839 955 873 et
973 830 1083 874 vada
1098 831 1251 873 montis

155 903 206 944 In
225 902 402 960 speciem
421 913 601 961 surgunt
620 903 870 961 spumantia,
890 918 988 945 cum
1006 903 1112 945 furit
1130 918 1289 960 aequor,

157 975 355 1033 Respicio
373 985 503 1019 terras
520 977 800 1034 arbustaque:
831 975 960 1018 vivite
976 975 1154 1018 fluctus:

158 1049 271 1091 Nam
290 1048 414 1091 tellus
432 1048 535 1090 mihi
553 1048 660 1104 fida:
693 1047 830 1106 placet
848 1063 1010 1100 nemus,
1028 1058 1071 1090 et
1089 1048 1227 1106 placet
1244 1049 1408 1100 umbra,

161 1122 296 1164 Pinus
314 1122 390 1165 ubi
408 1136 605 1165 resonans
622 1129 844 1164 ventorum
862 1116 1082 1163 murmura
1097 1120 1217 1163 ridet.
1311 1131 1313 1134 ⁴

161 1195 350 1238 Piscator
367 1195 543 1238 nimium
560 1195 686 1237 miser
701 1194 802 1247 heu,
817 1194 887 1237 cui
905 1194 1058 1253 cymba
1074 1205 1259 1255 penates,

162 1269 223 1311 Et
241 1268 416 1326 pelagus
433 1267 566 1320 labor,
585 1276 629 1310 et
646 1267 803 1325 praedae
821 1282 916 1325 spes
933 1267 1058 1309 unica
1074 1266 1217 1324 pisces.

164 1343 243 1385 Me
254 1343 379 1400 juvet
397 1342 594 1385 umbroso
611 1341 770 1400 platani
790 1342 870 1384 sub
889 1340 1072 1398 tegmine
1091 1356 1275 1393 somnus,

165 1417 227 1459 Et
245 1416 425 1459 salientis
442 1432 565 1474 aquae
584 1416 783 1474 strepitus
801 1415 1151 1467 audire‘canoros,

166 1488 330 1536 Pastori
349 1504 447 1549 quae
466 1497 560 1531 tuta
577 1495 693 1530 metu
713 1487 801 1530 sine
818 1487 976 1545 gaudia
993 1485 1204 1547 praestant.

607 1653 909 1707 TITULUS
941 1654 1054 1707 LX.

642 1749 752 1788 PRO
779 1750 1026 1791 ARTIBU&

573 1847 608 1876 1.
629 1834 808 1892 Ansphis
835 1834 1101 1876 Viniumlbw.

229 1909 305 1953 Ad
323 1923 442 1952 casus
461 1907 611 1958 tristes,
630 1907 719 1950 vita
735 1922 844 1964 quos
860 1906 1080 1949 hominum
1094 1907 1219 1964 capit,

172 1982 351 2027 Nullum
367 1989 458 2027 arte
476 1988 539 2023 est
557 1979 674 2023 aliud
693 1979 859 2022 dulcius
874 1979 1093 2021 solatium:

172 2058 284 2100 Nam
300 2053 527 2113 disciplinis
546 2067 633 2096 sese
651 2052 844 2110 ingenuis
861 2067 1070 2110 occupans

174 2131 262 2172 Sua
279 2127 388 2171 mala
406 2141 523 2169 mens
541 2125 628 2169 sine
646 2139 769 2168 sensu
788 2124 1121 2182 praeternavigat.

567 2211 606 2242 2.
626 2198 907 2255 Hiffarchus
926 2184 1105 2245 Pictore.

233 2277 288 2318 In
307 2283 430 2318 aetate
447 2273 666 2316 hominum
685 2270 789 2314 nihil
807 2279 897 2314 arte
916 2279 979 2313 est
995 2271 1230 2328 pretiosius,

175 2351 272 2393 Aut
291 2349 347 2391 ad
365 2347 598 2407 degendam
616 2346 746 2388 vitam
764 2343 1092 2387 conducibilius.

175 2425 264 2466 Res
283 2423 384 2466 alias
402 2422 560 2480 quippe
578 2420 676 2464 belli
695 2429 739 2463 et
755 2419 938 2463 fortunae
957 2418 1067 2461 vices

177 2495 478 2539 Transmutant
496 2494 638 2537 facile:
671 2508 738 2536 ars
757 2507 918 2549 semper
937 2491 1154 2534 incolumis
1172 2500 1321 2535 manet.

665 2581 708 2626 3.
728 2567 1025 2610 Hermodotus.

240 2645 338 2686 Non
357 2652 485 2701 auget
501 2653 634 2686 artem
654 2641 821 2699 copiosa
833 2640 988 2683 oratio:

185 2718 324 2773 Opera
343 2731 505 2758 necesse
524 2723 586 2758 est
605 2714 780 2771 gloriam
799 2713 899 2756 artis
918 2711 1156 2770 praedicent.
