1780 3178
383 311 469 354 214
786 295 1043 339 IOANNIS
1075 294 1314 338 STOBAEI
1374 302 1376 304 ·

747 500 1053 549 TITULUS
1085 499 1379 549 LXXXIX.

548 619 780 661 QUALEM
808 618 1101 657 OPORTEAT
1126 618 1254 656 ESSE
1282 618 1550 658 NOBILEM.

499 758 503 760 Β
903 715 939 744 1.
967 703 1216 744 Menander.

446 778 562 819 Bene
582 776 781 818 educatos
800 783 842 817 et
859 775 1036 818 honesto
1055 783 1175 818 natos
1193 775 1287 818 loco

390 853 567 895 Famam
586 866 732 894 curare
751 850 795 892 in
814 851 941 893 rebus
960 849 1143 891 adversis
1162 850 1295 893 decet.

811 937 849 967 2.
871 924 1110 981 Euripides
1129 924 1309 966 Helena.

449 997 650 1055 Impende
669 1011 825 1038 munus
842 996 923 1039 hoc
942 996 1060 1049 mihi,
1083 1005 1133 1039 ut
1153 997 1282 1039 vitam
1301 997 1402 1040 boni

392 1072 565 1114 Imitere
583 1070 725 1129 patris.
775 1071 1017 1114 Maximum
1035 1071 1082 1113 id
1099 1071 1209 1129 proli
1225 1072 1368 1125 decus,

394 1147 464 1188 De
481 1153 606 1203 gente
626 1144 738 1188 clara
756 1145 790 1187 si
810 1145 978 1187 trahens
993 1145 1214 1211 exordium

397 1220 544 1262 Mores
562 1226 787 1277 parentum
805 1218 993 1261 moribus
1012 1219 1164 1261 referat
1184 1219 1281 1261 suis.

774 1301 818 1349 5.
840 1293 1082 1334 Menander
1107 1293 1353 1353 Tutor-ibus.

456 1364 662 1407 Illiberale
682 1374 745 1407 est
763 1364 1057 1407 contumeliam
1077 1364 1166 1422 pati
1180 1381 1212 1418 εἱ

400 1437 602 1480 Dolorem
620 1437 729 1480 ferre
748 1445 900 1479 natura
917 1437 1135 1479 hominum
1155 1452 1231 1480 nos
1242 1437 1381 1495 jubet.

976 1511 1015 1552 6.
1037 1511 1167 1553 Idem.

690 1585 871 1642 Indigna
889 1593 952 1627 est
970 1584 1139 1627 homine
1157 1594 1259 1628 nato
1275 1585 1410 1628 libero

405 1658 609 1717 Voluptas
628 1647 826 1715 ςυεεῖεη
846 1673 986 1700 secum
1005 1657 1310 1700 contumeliam.

898 1740 940 1786 7.
963 1731 1076 1773 Idem
1095 1732 1250 1774 Heroe.

463 1804 634 1845 Bonum
652 1798 791 1846 virum
810 1819 897 1846 esse
917 1803 1058 1846 decuit
1076 1804 1394 1848 nobilissimum.

408 1877 620 1934 Ingenuos
638 1875 764 1918 animi
785 1891 947 1934 semper
965 1877 1154 1934 generosi
1169 1877 1385 1921 addecent.

865 1950 903 1992 8.
927 1951 1147 2008 Sophocles
1165 1953 1293 1995 Alete.

470 2024 708 2067 Clementer
727 2040 770 2066 es
788 2024 969 2077 locutus,
989 2034 1117 2083 atque
1137 2036 1186 2069 ut
1206 2035 1248 2069 te
1267 2026 1401 2071 decet.

412 2099 525 2141 Nam
545 2098 751 2156 specimen
770 2099 899 2144 edens
915 2099 1027 2142 clara
1045 2100 1238 2143 nobilitas
1257 2101 1323 2143 sui

380 2203 383 2205 -
413 2172 543 2214 Vanis
559 2172 711 2215 relictis
730 2172 861 2215 solida
879 2181 1060 2215 sectatur
1076 2173 1199 2216 bona.

810 2272 812 2274 -
851 2259 889 2302 9.
913 2246 1150 2303 Euripides
1169 2247 1314 2288 Inone.

475 2316 582 2366 Quae
602 2316 703 2359 scire
721 2332 799 2374 par
818 2327 880 2360 est
898 2317 1095 2370 nobilem,
1116 2318 1243 2362 didici
1262 2319 1423 2362 omnia:

419 2389 532 2431 Cum
549 2403 616 2430 res
628 2389 753 2446 jubet
773 2398 922 2442 tacere,
942 2405 1039 2432 cum
1058 2398 1200 2432 tutum
1219 2399 1282 2434 est
1300 2391 1432 2450 loqui,

421 2461 528 2512 Quae
546 2462 610 2504 fas
627 2462 782 2515 videre,
802 2478 879 2506 nec
897 2463 1038 2506 videre
1053 2467 1154 2521 quae
1172 2465 1314 2507 nefas:

421 2534 568 2577 Ventri
586 2535 799 2593 imperare.
851 2536 1091 2588 Quamlibet
1108 2553 1297 2595 pressum
1315 2537 1435 2580 malis
1522 2549 1527 2552 '

426 2609 511 2650 Cor
530 2608 767 2667 disciplinas
785 2609 974 2652 liberales
992 2609 1168 2653 imbibit.
