1780 3178
292 177 380 225 354
906 168 1146 214 INDEX

297 282 362 323 καὶ
379 284 451 337 μὴν
471 284 502 324 εἰ
517 283 570 324 δεῖ
585 291 640 338 47
645 313 659 335 ,
670 295 739 325 10.
1066 285 1134 327 καί
1150 302 1206 327 τοι
1223 283 1396 341 λογίζομῖ
1418 293 1490 339 73,
1503 295 1563 336 40

298 339 362 380 καὶ
379 341 451 393 μὴν
464 339 543 381 ἴσον
561 340 601 395 γ’
624 349 695 394 74,
709 351 776 392 24.
1066 342 1188 385 καίτοι
1205 342 1290 399 περί
1312 355 1330 383 1
1342 351 1409 397 15,
1424 341 1478 384 28

296 396 361 437 καὶ
381 399 452 451 μὴν
471 396 558 438 οἶνοί
575 413 617 438 τε
640 408 710 449 21,
728 399 796 439 16.
1067 399 1189 441 καίτοι
1207 401 1287 441 ποτ’
1308 401 1337 440 εἰ
1361 410 1459 449 121,
1473 409 1545 439 —12-

296 454 362 494 καὶ
381 455 452 507 μὴν
469 452 546 495 ὅσοι
561 455 605 506 6,
615 466 684 497 22.
1068 459 1186 513 καιρῷ
1203 455 1383 511 τιθέμενον
1405 466 1475 506 12,
1494 467 1513 496 1
1524 467 1563 496 1.

296 510 361 551 καὶ
380 513 452 565 μὴν
472 511 570 552 οὐδὲν
588 520 714 567 5,72.
718 513 721 516 ’
1068 516 1172 555 κακὰ
1193 514 1322 570 κε’ρὸεα
1346 525 1415 564 10,
1424 521 1502 567 -45,

297 567 362 608 καὶ
381 570 452 621 μὴν
471 567 575 609 ποθτν
599 567 777 618 121,18.
942 584 946 587 ’
1066 572 1172 612 κακοὶ
1185 570 1300 625 μείζω
1322 581 1393 623 24,
1406 569 1449 611 8.

298 623 363 664 καὶ
381 627 453 678 μὴν
473 627 615 697 συνῳδὰ
636 625 707 681 85,
722 637 792 668 20.
1066 629 1211 669 κάκεῖνο
1229 626 1480 699 ἐκλογίσασθε
1498 625 1653 682 43,87.

297 680 363 721 και
383 683 455 736 μὴν
470 681 516 723 τό
532 699 579 738 γε
599 684 667 724 ἆκ.
689 683 732 734 6,
746 693 820 735 41.
1065 686 1163 735 κακὴ
1184 684 1252 739 μὲν
1271 683 1356 734 οψις
1376 684 1497 735 8,10.

298 737 362 778 καὶ
382 740 453 792 μὴν
472 755 502 779 ω
520 748 595 794 50,
609 740 682 781 16.
1066 745 1183 791 κακῆς
1203 742 1269 783 ἀπ’
1287 744 1410 799 ἀρχῆς
1429 754 1474 793 4,
1491 752 1561 781 11.

297 795 364 836 καὶ
385 795 563 850 νομίσατε
581 804 655 851 54,
667 805 741 852 35.
1066 798 1202 848 κακίας
1222 800 1341 840 αυτ-ὣν
1364 810 1404 850 2,
1417 810 1442 854 3
1445 806 1491 853 5

297 851 362 892 καὶ
383 857 443 894 νῦν
461 851 627 907 ἐφέλκετ’
649 866 720 908 93,
735 865 779 906 4.
1067 855 1248 897 κάκιστον
1269 854 1375 911 ἔλεγε
1394 856 1467 907 46,
1476 854 1547 908 78

297 910 363 950 καὶ
385 913 443 951 νῦν
461 914 628 965 παραινῶ
648 918 768 964 71,7.
1068 912 1208 954 κακίων
1227 911 1298 954 ἄλο
1335 928 1370 961 ος
1392 911 1530 968 73,28

297 965 362 1006 καὶ
383 970 442 1008 νῦν
460 967 559 1007 τοὶὸ.
586 979 683 1018 111,
696 980 744 1023 3.
1067 970 1176 1011 κακοὶ
1196 971 1275 1043 γὰρ
1295 986 1333 1011 ευ
1351 978 1424 1024 45,
1441 981 1511 1021 14·

296 1022 397 1063 καιο
380 1025 620 1080 ὁΝικομαχ.
639 1032 712 1079 54,
726 1036 798 1080 30.
851 1036 857 1041 ’
1068 1027 1176 1067 κακοι
1192 1025 1357 1097 γίνονται
1377 1038 1423 1078 4,
1435 1026 1508 1081 56.

297 1079 401 1119 καὶ
386 1097 403 1120 ο
396 1078 628 1153 Σωκράτης
650 1094 694 1136 9,
708 1092 782 1136 59.
815 1093 887 1134 21,
903 1094 970 1126 21.
1068 1086 1197 1132 κακοῖς
1215 1084 1256 1124 τὸ
1278 1082 1401 1140 κε’ςὸος
1426 1094 1494 1133 10,
1504 1081 1577 1125 26

297 1152 361 1176 και
382 1135 414 1177 οι
433 1141 552 1210 φυγῆς
568 1139 727 1190 46,44.
815 1157 820 1163 ’
1036 1171 1045 1181 s
1068 1140 1183 1182 κακόν
1201 1157 1249 1195 γε
1270 1140 1403 1191 θνητοῖς
1419 1150 1550 1195 52,1.

298 1192 362 1232 και
380 1192 518 1268 οἰκίας
519 1194 554 1235 ’δὲ
576 1194 646 1250 85,
663 1206 734 1238 22.
1067 1214 1183 1238 κακον
1203 1199 1366 1267 γυναῖκα
1388 1206 1460 1251 7-1,
1473 1209 1517 1252 3.

298 1249 363 1290 καὶ
383 1249 475 1299 ολως
488 1249 649 1292 -απιστον
667 1264 740 1306 49,
759 1262 829 1307 15
1067 1253 1181 1295 κακόν
1202 1256 1282 1295 ἐστι
1304 1252 1419 1310 δούλῳ
1437 1255 1512 1306 62,
1522 1262 1594 1308 29.
1619 1288 1635 1301 χ

297 1305 407 1346 '‘ad‘'
382 1308 480 1348 οποτ’
502 1306 547 1348 οἲν
564 1320 610 1361 4,
623 1317 696 1364 55.
868 1318 871 1321 “
1067 1328 1181 1352 κακον
1201 1311 1297 1352 οὐδὲν
1315 1321 1360 1366 5,
1378 1297 1447 1352 80.

299 1362 408 1403 καὶ”
385 1366 435 1405 στ’
456 1381 500 1405 αν
516 1364 631 1439 λέγῃς
652 1377 696 1421 3,
710 1378 782 1420 94.
1067 1367 1180 1409 κακόν
1200 1385 1236 1409 τι
1257 1369 1366 1420 βουλ.
1383 1377 1461 1423 97,
1473 1380 1517 1423 3.

298 1420 363 1460 και
384 1422 481 1462 οὐδὲν
480 1421 601 1494 οἶμαι
622 1434 694 1478 29,
711 1435 810 1464 101.
1067 1441 1181 1466 κακον
1199 1425 1242 1466 τὸ
1264 1423 1397 1467 >eedem
1416 1436 1487 1476 12,
1499 1437 1548 1480 3-

299 1477 364 1518 καὶ
386 1480 451 1519 οὐκ
470 1475 516 1520 ἂν
535 1482 650 1535 αἰσχ.
667 1491 744 1531 21,
759 1489 830 1536 25.
1067 1481 1180 1531 κακὸς
1195 1484 1273 1537 γὰρ
1294 1480 1393 1530 ὅστις
1412 1483 1538 1533 62,1.

298 1533 362 1574 καὶ
383 1533 538 1593 σώφρων
555 1537 712 1607 106,9.
1066 1555 1180 1587 κακος
1198 1539 1330 1593 ὃεσμος
1350 1552 1390 1590 1,
1404 1547 1478 1594 55.

299 1590 363 1631 και
385 1594 435 1632 τοὶ
442 1592 584 1664 ἀγαθά
604 1604 674 1644 21,
691 1607 707 1635 1
718 1594 758 1635 8.
1066 1595 1356 1667 κακουργότερον
1373 1607 1490 1648 42,2

299 1647 363 1688 και
383 1647 460 1689 τῖ’
441 1665 522 1698 επος
541 1651 616 1706 36,
628 1651 671 1692 6.
1066 1657 1191 1693 κακῶν
1210 1651 1361 1694 ἀπέστω
1385 1665 1518 1705 120,1

298 1705 363 1746 καὶ
384 1704 464 1747 τάδε
483 1706 703 1748 Φωκυλίδου
725 1717 795 1764 73,
812 1709 885 1749 60.
923 1707 999 1762 87,
1066 1714 1191 1750 κακῶν
1210 1713 1395 1764 ’γυναικῶν
1413 1720 1487 1764 74,
1500 1718 1575 1764 25.

360 1774 401 1805 2.
1066 1771 1191 1819 κακῶς
1210 1767 1239 1807 δ’
1259 1765 1397 1808 ολοιντο
1415 1779 1490 1822 49,
1503 1779 1550 1822 3.

298 1818 361 1859 και
383 1821 457 1868 τοῖς
477 1819 632 1862 σκέλεσι
655 1833 752 1872 110,
767 1832 837 1878 23.
1065 1822 1222 1864 κάλλιον
1242 1842 1272 1864 ω
1295 1824 1362 1875 16,
1375 1838 1418 1879 9.

297 1875 362 1916 και
377 1880 442 1918 τοῦ
461 1876 529 1930 μὲν
548 1879 583 1918 ἐν
601 1891 626 1934 3
630 1889 719 1933 5,
1065 1878 1266 1931 Καλλιόπη
1286 1881 1414 1933 τ’48,
1435 1891 1498 1923 12.

297 1949 361 1973 και
381 1934 462 1982 τοὺς
483 1933 653 1983 θανόντας
675 1947 725 1978 12
727 1944 832 1990 5,7
897 1956 901 1963 ·
1065 1936 1262 1978 καλλιστα
1282 1939 1362 1995 γᾶς
1374 1938 1421 1988 δὴ
1445 1948 1564 1992 1,92.

295 2005 359 2030 και
379 1991 461 2039 τοὺς
482 1991 618 2040 καλοὺς
640 1993 710 2043 66,
724 2004 765 2046 7.
1064 1992 1270 2035 κάλλιστον
1294 2007 1392 2050 103,
1406 1994 1536 2050 8.15

296 2046 360 2086 καὶ
381 2063 462 2095 τους
483 2049 653 2103 ὀδυρμοὺς
677 2049 773 2100 108,
790 2049 862 2101 84.
1064 2051 1180 2092 καλόν
1199 2052 1238 2106 γ’
1258 2051 1392 2102 ἀληθὴς
1417 2051 1526 2107 13,8

294 2119 359 2143 και
381 2103 463 2151 τοὺς
478 2105 646 2160 πονηροὺς
664 2118 738 2158 44,
750 2119 794 2158 4.
1063 2108 1179 2149 καλόν
1194 2124 1241 2163 γε
1261 2108 1442 2159 βασιλεὺς
1460 2108 1590 2164 48,7.

294 2159 359 2199 καὶ
380 2163 492 2201 τοῦτο’
507 2177 573 2202 σου
581 2162 666 2230 48,
680 2164 750 2217 69.
893 2186 898 2191 κ
1062 2165 1178 2206 καλὸν
1198 2166 1226 2205 δ’
1248 2163 1317 2215 ἔξω
1335 2164 1468 2220 58,4.

293 2216 357 2256 καὶ
377 2221 502 2258 τοῦτον
522 2221 616 2272 ἡμᾶς
638 2229 747 2272 72,2
1062 2222 1178 2263 καλὸν
1198 2222 1234 2263 δὲ
1255 2239 1319 2262 και
1341 2234 1412 2277 29,
1427 2233 1498 2274 24.

294 2290 358 2314 και
379 2273 508 2315 τούτου
528 2274 650 2316 τοίνυν
660 2287 734 2331 49,
747 2288 821 2329 42
1061 2280 1177 2320 καλον
1195 2278 1252 2321 ἐπὶ
1271 2278 1339 2333 μὲν
1357 2291 1401 2334 3,
1417 2277 1488 2321 86.

293 2347 358 2370 και
372 2335 445 2370 τῶν
463 2329 586 2381 ἔξωθεν
610 2344 707 2384 101,
723 2334 794 2376 28.
1061 2336 1176 2376 καλον
1195 2336 1262 2389 μὲν
1282 2334 1394 2388 δέμας
1415 2336 1490 2387 68,
1501 2349 1548 2392 5.

291 2403 356 2427 και
377 2391 448 2428 τῶν
465 2394 635 2429 παλαιῶν
655 2389 727 2440 81,
739 2403 784 2445 3.
1060 2392 1176 2434 καλὸν
1194 2393 1262 2446 μὲν
1283 2391 1341 2433 οὖν
1365 2404 1491 2444 12,4.

292 2443 357 2484 καὶ
376 2448 449 2484 τῶν
468 2443 637 2486 τοιούτων
660 2458 756 2499 102,
771 2458 813 2502 7.
1060 2449 1176 2489 καλὸν
1195 2465 1226 2489 οι
1242 2448 1341 2502 νόμοι
1362 2460 1435 2502 44,
1449 2448 1491 2490 8.

292 2517 356 2540 και
377 2500 592 2554 ὑποδήματα
611 2516 656 2557 3,
669 2515 744 2555 44
1060 2506 1175 2546 καλον
1193 2506 1274 2562 πρὶν
1292 2505 1453 2573 58,12.

290 2556 354 2596 καὶ
374 2556 479 2610 φυσει
498 2563 573 2606 πῶς
592 2560 664 2614 63,
681 2572 748 2614 17.
1059 2561 1176 2602 καλον
1196 2574 1343 2617 φρονειν
1349 2574 1419 2614 22,
1429 2573 1498 2618 23.

290 2612 434 2662 Κάϊκος
458 2627 555 2666 100,
571 2625 638 2670 17.
1058 2623 1184 2667 καλῶς
1206 2618 1242 2660 δὲ
1261 2619 1326 2659 καὶ
1344 2631 1420 2675 43,
1440 2631 1536 2675 130.

289 2669 432 2718 καινοὺς
451 2670 598 2740 ποςίξου
619 2673 769 2724 28,11.
1057 2680 1183 2723 καλῶς
1201 2674 1238 2716 δέ
1258 2691 1322 2729 μοι
1340 2687 1415 2729 44,
1429 2688 1503 2732 34.

288 2725 419 2797 καίπερ
433 2726 558 2799 ,γέρων
583 2741 678 2785 115,
697 2732 765 2772 16.
1056 2737 1182 2781 καλως
1201 2731 1263 2786 ἔφη
1285 2733 1409 2788 61,5.

287 2781 410 2823 καίτοι
431 2801 553 2839 εγωγε
576 2797 646 2840 29,
664 2798 736 2840 7-4.
1055 2793 1180 2837 καλῶς
1199 2789 1367 2830 πένεσθαι
1386 2799 1517 2846 97,1.

284 2837 406 2880 καίτοι
428 2845 544 2881 κακοῦ
559 2853 633 2898 43,
649 2856 716 2895 14.
1053 2845 1234 2898 κάμνουσι
1254 2845 1333 2903 γάρ
1357 2859 1375 2887 1
1386 2859 1453 2898 10,
1469 2858 1509 2901 7.

284 2893 405 2937 καίτοι
428 2901 605 2939 καλοῦσιν
626 2901 751 2952 6,12.
1052 2899 1120 2942 notu
1140 2903 1263 2952 δοῦλος
1283 2904 1384 2963 62,
1372 2903 1442 2948 28-
