1780 3178
343 241 426 272 100
744 213 1006 260 IOANNIS
1040 207 1286 254 STOBAEI

921 331 964 378 5.
986 320 1118 362 Idem.

406 403 597 462 Suspicio
616 399 736 442 factis
756 397 853 455 plus
872 394 983 437 valet
1003 392 1058 435 ad
1077 388 1341 434 calumniam.

926 470 966 510 6.
990 467 1120 509 Idem.

407 552 491 605 Qui
512 558 694 593 mentem
715 544 872 589 addicit
891 541 1105 586 credulam
1125 536 1358 587 caiumniis,

350 630 444 670 Aut
463 627 551 683 ipse
571 632 634 666 est
652 621 792 681 pravis
812 617 1059 676 inquinatus
1079 612 1281 662 moribus,

351 703 439 743 Aut
458 708 568 741 certe
588 696 756 755 ingenio
776 693 835 737 nil
855 706 984 750 supra
1002 703 1184 749 puerum
1205 685 1327 729 valet.

760 842 1064 911 TITULUS
1098 840 1307 911 XLIII.-

812 964 888 1003 DE
917 961 1238 1010 REPUBLIQA.

748 1079 782 1107 1.
805 1064 1044 1122 Euripides
1064 1061 1312 1124 Phoenissis.

416 1144 460 1186 Si
478 1143 632 1185 civium
653 1139 801 1182 animis
820 1138 927 1180 illud
945 1137 1125 1180 infixum
1145 1135 1268 1186 foret,

357 1216 570 1274 Quicquid
591 1219 761 1257 suarum
780 1212 933 1255 virium
953 1219 1030 1263 est,
1052 1210 1097 1252 id
1116 1207 1345 1252 commodis

359 1292 564 1335 Conferre
583 1289 746 1348 patriae,
767 1295 919 1330 cuncta
939 1294 1186 1344 superarent
1205 1283 1315 1327 mala

362 1367 493 1407 Tutae
511 1365 635 1406 beato
655 1362 843 1405 civitates
862 1359 959 1403 otio.
1211 1386 1213 1389 -

800 1447 838 1479 2.
861 1433 981 1476 Idem
1001 1432 1268 1475 Phaethonte.

420 1510 568 1553 Animi
588 1509 657 1552 ille
677 1523 820 1551 vecors
840 1514 917 1559 est,
938 1521 1031 1549 mea
1048 1505 1265 1556 sententia,

362 1585 617 1642 Quicunque
639 1582 747 1625 natis
767 1590 906 1624 mente
926 1595 1011 1623 non
1030 1579 1288 1637 pollentibus

367 1657 703 1716 Popularibusve
723 1656 857 1699 fraena
876 1654 1006 1698 tradit
1024 1654 1184 1712 imperi.

903 1742 943 1785 3.
966 1729 1174 1770 Incertus.

352 1817 355 1822 ’
425 1804 562 1846 Haud
582 1811 675 1846 tuta
694 1802 918 1846 navisuna
936 1816 1065 1860 quam
1086 1808 1200 1844 tenet
1219 1799 1414 1851 anchora,

367 1880 432 1922 Ut
451 1894 548 1936 quae
568 1877 703 1920 tribus
724 1892 766 1919 se
785 1875 929 1919 credit.
983 1874 1124 1919 Haud
1137 1883 1248 1918 recte
1267 1883 1384 1932 regat

368 1952 443 1995 Vir
463 1966 574 1994 unus
594 1950 767 1993 urbem:
802 1949 932 1992 satius
952 1948 1128 2006 adjungi
1148 1947 1337 1990 alterum.

783 2037 823 2076 4.
845 2022 1082 2081 Euripides
1103 2021 1292 2080 Phryx-0.

427 2100 525 2142 Non
547 2097 730 2141 solitudo
751 2097 825 2140 sed
844 2096 923 2139 viri
946 2104 1046 2139 sunt
1064 2095 1222 2139 civitas.

789 2171 828 2212 6.
852 2170 1074 2228 Sephocles
1093 2169 1295 2212 Phaedra.

431 2247 634 2289 Constare
654 2243 784 2287 nescit
804 2243 951 2302 patriae
972 2243 1185 2295 securitas,

374 2320 461 2362 Ubi
481 2319 663 2377 superbo
677 2319 778 2376 jura
797 2318 1011 2363 calcantur
1029 2317 1152 2375 pede,

375 2394 606 2452 Pudorque
627 2402 820 2442 sanctus;
853 2392 1003 2451 virque
1017 2392 1233 2443 verbosus,
1254 2399 1399 2433 tenens

375 2468 578 2511 Manibus
596 2468 780 2511 habenas
799 2466 974 2518 callidis,
995 2466 1144 2508 urbem
1163 2464 1284 2522 regit.

850 2543 889 2583 6.
912 2541 1032 2583 Idem
1051 2540 1237 2583 Aleadis.

434 2614 550 2667 Quid
569 2614 623 2657 ad
642 2614 733 2657 haec
751 2613 886 2656 dicam
908 2626 1026 2657 mens
1045 2613 1244 2670 ambigua
1260 2622 1334 2655 est.

378 2688 467 2730 Ubi
487 2688 712 2745 degeneres
731 2686 865 2730 vicere
883 2686 1029 2738 bonos,

379 2763 583 2813 Quaenam
603 2761 704 2804 urbs
725 2761 947 2805 subsistere
967 2764 1135 2818 posset?
