1838 3276
423 276 480 330 48
832 272 981 315 IOAN
985 272 1025 314 N
1030 271 1086 314 IS
1120 270 1357 314 STOBAEI

884 407 887 411 ·
945 386 1007 428 lb.
1030 386 1234 428 Incertus.

485 461 650 504 Profari
665 475 764 503 vera
782 459 991 503 lubricum
1007 458 1164 516 linguae
1185 457 1300 500 solet.

930 542 973 587 5.
995 531 1253 589 Phoqqlidea.

598 605 748 648 Fidem
768 618 930 662 semper
949 618 1112 646 servare
1131 611 1351 644 memento.

768 687 791 708 ¹²
807 678 958 720 Manet
977 675 1246 718 irrevocabile
1265 674 1471 732 quicquid

426 756 645 805 Annuero,
666 768 802 810 neque
821 752 904 794 fine
923 766 1080 802 carens,
1102 758 1145 792 et
1164 749 1307 792 fallere
1327 749 1470 792 nescit.

918 835 957 880 7.
980 820 1271 882 Bacchylides.

483 902 654 942 Aurum
675 899 842 958 Lydius
860 898 1017 941 indicat

428 974 558 1031 Signo
576 988 660 1015 non
680 972 811 1015 dubio
829 972 957 1030 lapis:

426 1049 671 1089 Humanam
692 1042 949 1103 sapientiam,

426 1120 719 1177 Virtutemque
738 1126 856 1162 notat
875 1118 997 1161 simul

426 1193 585 1236 Victrix
605 1192 747 1237 inclita
767 1193 932 1235 veritas.
1295 1229 1298 1230 γ

728 1267 766 1309 8.
788 1267 1018 1324 AEschylus
1037 1266 1454 1324 Arnwrmnjudicio.

485 1339 698 1398 Simplicia
715 1339 844 1382 verba
863 1338 1014 1381 veritas
1034 1338 1210 1396 simplex
1229 1349 1354 1381 amat.

872 1426 914 1469 9.
935 1411 1158 1469 Scsphocles
1175 1411 1362 1453 Electra.

481 1494 500 1514 ⁰
517 1485 698 1528 Faciam.
750 1486 891 1543 Negat
903 1483 1070 1542 justitia
1089 1499 1295 1527 sermones
1314 1483 1422 1527 duos

426 1561 540 1603 Inter
558 1568 727 1602 natare:
759 1558 963 1617 quicquid
981 1557 1105 1600 officii
1124 1566 1201 1609 est,
1221 1557 1337 1600 facit.

763 1632 1093 1675 .10.Memm‹zer
1111 1619 1409 1690 Plagipatma.

770 1706 891 1763 Saepe
908 1704 1138 1748 admodum

425 1779 474 1820 In
489 1777 624 1821 lucem
643 1776 785 1836 prodit
804 1792 880 1820 nec
898 1777 1076 1835 quaesita
1093 1777 1258 1821 veritas.

827 1865 846 1893 1
858 1866 890 1894 1.
913 1852 1032 1894 Idem
1051 1852 1347 1911 Suffoaititia.

479 1925 530 1967 In
547 1940 593 1967 re
611 1924 725 1967 omni
743 1924 1004 1968 conducibile
1022 1933 1086 1968 est
1104 1924 1254 1983 quovis
1273 1932 1460 1982 tempore

424 1998 582 2041 Verum
600 1997 866 2055 proloquier;
897 1997 1028 2056 idque
1044 1998 1088 2040 in
1106 1997 1194 2041 vita
1214 1997 1400 2056 spondeo

425 2070 666 2114 Securitatis
683 2086 770 2113 esse
788 2078 952 2128 partem
970 2069 1208 2113 maximam.

798 2157 862 2189 12.
884 2144 1122 2202 Euripides
1140 2144 1387 2187 Phoenissis.

483 2216 669 2274 Simplex
690 2226 732 2259 et
750 2215 936 2259 infucata
953 2215 1042 2259 veri
1060 2216 1192 2259 oratio
1211 2225 1288 2269 est,

423 2288 497 2332 Nil
515 2289 675 2347 indiget
694 2305 759 2332 res
778 2305 901 2348 aequa
920 2304 1158 2332 sermonum
1177 2289 1353 2341 ambitu,

422 2362 651 2405 Manifesta
669 2378 745 2420 per
763 2378 832 2406 se:
863 2377 989 2406 causa
1007 2362 1081 2405 sed
1093 2362 1204 2420 juris
1224 2362 1289 2404 sui

422 2435 535 2478 Vitio
555 2436 747 2479 laborans
765 2436 916 2494 quoerit
935 2452 961 2478 a
982 2436 1116 2478 verbis
1135 2450 1270 2493 opem.

838 2523 902 2566 13.
925 2509 1144 2568 Szsphocles
1164 2508 1336 2567 OEdz'po.

479 2591 498 2621 Ρ
511 2583 595 2624 Jus
613 2597 797 2640 sequere.
846 2582 986 2625 Vincit
1005 2597 1115 2640 saepe
1133 2582 1332 2639 majorem
1353 2579 1498 2622 minor.

463 2722 480 2739 ¹¹
497 2719 595 2752 Refer
609 2720 649 2752 ad
664 2719 734 2753 Tit.
750 2720 887 2753 LXXX.
972 2726 987 2741 ⁸
1002 2719 1100 2752 Refer
1114 2716 1155 2752 ad
1169 2719 1237 2752 Ίῖῐ.
1254 2719 1315 2752 ῙΧ.
1403 2724 1420 2748 1»
1434 2716 1532 2752 Refer
1547 2719 1588 2752 ad
1602 2719 1670 2752 Tit.
1687 2719 1750 2754 1x.
