1838 3276
439 239 496 295 56
842 212 1099 276 10ANN²1s
1132 228 1374 274 s‘ronffl

1011 358 1052 402 3.
1075 345 1204 387 Idem.

499 425 564 466 At
583 438 662 480 ego
681 437 779 474 non,
800 429 970 479 quantae
991 420 1074 463 sint
1091 433 1207 477 opes,
1226 415 1494 476 respuerim,

446 498 529 541 Sed
547 513 601 541 an
622 498 675 540 sit
694 495 774 539 illis
793 494 981 554 superior
1000 494 1075 552 qui
1093 492 1193 537 illas*
1204 492 1343 535 habet.

852 596 893 638 4.
915 583 1152 642 Euripides
1173 582 1372 640 Antiopa.

503 660 753 718 Quicunque
773 650 900 717 largis
918 657 1071 716 opibu‘s
1090 666 1133 699 et
1151 671 1257 714 gaza
1274 653 1447 697 affluens

445 734 725 777 Monumenta
743 733 864 776 sortis
882 723 1000 775 nulla
1017 729 1191 773 molitur
1210 744 1312 781 suae,

444 808 488 850 N
490 822 545 850 on
564 807 632 850 hic
651 807 800 849 beatus
813 805 913 863 jure
931 799 1264 866 nuncupabitur,

446 883 601 925 Custos
621 880 693 923 sed
713 879 806 923 auri
825 879 1002 922 fortuito
1019 890 1205 920 munere.

1047 998 1057 1008 .
1079 965 1211 1010 Idem.

505 1042 622 1084 Sicco
641 1040 825 1084 miserias
843 1054 914 1082 ore
934 979 1147 1098 desgicere
1165 1047 1229 1081 est
1247 1038 1408 1081 ferum:

449 1116 533 1159 Sed
554 1124 677 1174 turpe
696 1124 739 1158 et
758 1114 878 1166 illud,
898 1113 1050 1172 opibus
1069 1128 1093 1156 e
1111 1112 1290 1172 magnis,
1309 1109 1418 1156 mala

446 1189 702 1241 Tenacitate,
723 1187 925 1231 demereri
946 1186 1167 1243 neminem.

931 1279 1111 1320 &Idem
1130 1277 1297 1320 Danae.

505 1353 757 1410 Quicunque
776 1351 943 1410 plenam
963 1352 1086 1395 loetus
1104 1355 1290 1410 aspectat
1299 1350 1494 1402 domum,
1540 1376 1558 1402 ,ν

446 1427 506 1469 Et
526 1426 688 1484 corpori
708 1426 796 1484 ipse
817 1425 1027 1468 subtrahit
1045 1429 1217 1468 succum
1235 1439 1328 1476 suo,-

448 1501 535 1544 Hic
555 1500 657 1543 mihi
677 1499 845 1543 videtur
864 1514 980 1542 sacra
997 1504 1198 1558 rapturus
1217 1499 1374 1550 Dessm,
1406 1539 1409 1541 ,

446 1574 668 1633 Natusque
687 1573 842 1617 amicos
858 1573 989 1631 impio
1007 1581 1058 1616 ut
1076 1572 1188 1616 bello
1206 1580 1335 1630 petat.

960 1666 999 1718 7.'
1016 1662 1269 1705 Memmder.

502 1738 734 1796 Nunquam
754 1739 925 1781 beatum
945 1737 1120 1789 credidi,
1140 1737 1231 1795 qui,
1251 1751 1349 1779 cum
1368 1737 1479 1779 bona

447 1810 665 1855 Possideat
683 1810 832 1863 multa,
851 1810 981 1854 nescit
998 1808 1196 1868 possessis
1213 1809 1321 1853 frui.⁴
1509 1819 1511 1821 ’

1016 1884 1208 1926 aldem.

502 1957 602 2000 Non
620 1972 743 2000 omne
761 1957 926 2000 lucrum
946 1957 1119 2015 placeat.
1172 1956 1361 2014 Injustas
1377 1971 1478 2013 opes

448 2030 512 2074 Sit
531 2030 670 2089 pudor
688 2030 853 2073 habere.
904 2030 1020 2073 Vivit
1038 2023 1196 2073 aeterno
1215 2029 1258 2072 in
1277 2038 1393 2072 metu

445 2103 686 2146 Tenacitate
705 2103 780 2161 qui
800 2103 923 2146 miser
936 2103 1064 2161 juxta
1081 2117 1179 2145 suas

446 2176 627 2220 Divitias
644 2176 731 2220 odii
750 2176 931 2235 duplum
950 2184 1115 2219 tantum
1134 2175 1329 2234 possidet.

947 2263 986 2306 9.
1014 2249 1276 2292 memmae.

503 2323 653 2365 Pastor
671 2337 809 2375 avare,
830 2331 991 2380 precor,
1010 2321 1164 2366 lentem
1183 2327 1342 2380 eoque:
1375 2321 1527 2364 rectius
1544 2321 1650 2365 illud

446 2397 583 2448 Quam
602 2395 796 2438 manibus
813 2395 911 2438 laedi
929 2410 1088 2439 resecas
1104 2395 1210 2438 dum
1228 2390 1354 2438 tenue
1372 2391 1600 2438 cuminum.

765 2482 829 2512 10.
850 2458 1092 2512 Menwnder
1111 2470 1242 2513 Falso
1261 2465 1463 2512 Herode

503 2544 650 2586 Avara
666 2542 754 2585 vita
771 2542 880 2585 veris
898 2553 1012 2586 caret
1030 2542 1258 2586 affectibus.

629 2629 647 2657 1
660 2629 693 2658 1.
715 2616 990 2674 Apolhdorus
1009 2617 1194 2659 Mortem
1212 2618 1294 2660 sibi
1313 2619 1594 2661 cmciscente.

502 2689 790 2732 Perversitatis
808 2689 1027 2732 nominasti
1047 2690 1185 2748 ipsum
1205 2701 1333 2748 caput
1351 2706 1360 2732 :

444 2762 595 2805 Multis
613 2763 723 2806 mala
740 2764 882 2807 insunt
901 2763 1048 2816 multa,
1071 2763 1142 2806 sed
1160 2779 1287 2807 avaro
1305 2763 1455 2807 omnia.
