1780 3178
355 263 440 308 280
754 261 956 304 IOANN
959 260 1016 303 IS
1049 259 1294 303 STOBAEI

353 378 407 420 B.
429 378 587 420 Decet:
619 384 663 420 at
682 391 851 419 monere
869 375 1004 418 levius
1021 384 1084 418 est
1102 389 1231 433 quam
1250 372 1427 432 perpeti.

851 451 893 492 8.
914 450 1034 492 Idem
1053 450 1199 492 AEolo.

410 526 538 569 Eheu
558 525 744 568 dolorem
764 523 862 583 quis
877 523 997 566 malis
1015 523 1144 566 tantis
1160 525 1312 581 neget?

354 600 458 653 Quis
477 599 652 642 audiens
669 607 836 642 tantum
854 597 935 641 ista
953 597 1058 640 fletu
1077 598 1308 655 temperet?

894 683 934 727 9.
955 669 1161 713 Mas-chio.
1364 723 1370 729 Ι

411 745 588 789 Celebre
604 745 714 788 inter
731 743 921 787 homines
939 743 1048 786 illud
1067 751 1130 785 est
1148 741 1310 785 dictum
1330 748 1477 784 vetus:

354 818 539 863 Consilia
557 818 700 861 nullus
719 826 781 861 est
800 817 918 860 labos
938 816 1029 859 aliis
1048 816 1174 858 dare:

352 894 418 935 At
436 892 526 951 ipse
545 892 579 934 si
597 891 764 935 laedaris
781 890 966 934 animose
983 889 1029 932 id
1047 889 1152 947 pati,

354 968 476 1011 Onus
494 967 684 1025 profecto
702 975 765 1009 est
782 964 972 1008 omnium
990 962 1300 1022 gravissimum.

772 1088 1084 1139 TITULUS
1118 1086 1275 1136 CXV.

767 1191 907 1232 LAUS
937 1191 1289 1231 SENECTUTIS.

742 1283 778 1312 1.
800 1269 1039 1328 Euripides
1058 1268 1310 1311 Phoenissis.

411 1344 621 1397 Eteocles,
642 1343 766 1387 audi:
798 1341 989 1386 nonnihil
1008 1341 1091 1384 fert
1110 1339 1319 1384 commodi

356 1422 532 1463 Senecta
551 1433 703 1461 secum.
755 1416 901 1460 Multa
919 1431 1017 1474 quae
1035 1415 1234 1458 membris
1252 1414 1392 1456 virens

354 1494 501 1537 Nescit
511 1493 718 1552 juventus
735 1489 942 1535 monstrat
957 1489 1226 1549 experientia.

758 1578 800 1611 2.
823 1567 943 1608 Idem
962 1565 1291 1622 Bellewphonte.

411 1644 539 1696 Nate,
559 1642 744 1686 efficaces
761 1642 859 1684 hinc
880 1641 1052 1699 quidem
1065 1641 1275 1699 juvenum
1294 1653 1459 1690 manuS‚

355 1717 439 1760 Sed
458 1716 555 1774 plus
575 1731 690 1758 senes
708 1714 918 1774 prudente
937 1713 1108 1757 consilio
1126 1713 1279 1756 valent.

353 1792 516 1834 Rerum
535 1789 735 1848 magistra
754 1788 914 1847 quippe
933 1788 1163 1831 multarum
1179 1788 1280 1830 dies.

803 1876 844 1919 3.
867 1863 986 1905 Idem
1004 1862 1253 1904 Erechtheo.

413 1937 635 1981 Seniliores
654 1952 798 1995 quaere
815 1936 1162 1979 consuetudines:

355 2010 464 2053 Solis
483 2010 665 2053 dicatam
684 2009 838 2052 risibus
856 2009 1067 2052 lasciviam

354 2085 600 2127 Contemne.
651 2082 799 2126 Brevis
819 2092 882 2126 est
899 2083 978 2125 flos
997 2082 1225 2141 voluptatis
1242 2082 1378 2125 malae.

869 2167 910 2209 4.
931 2156 1187 2197 Menamder.

411 2231 598 2275 Auferre
617 2230 737 2273 nobis
757 2229 838 2271 alia
856 2244 954 2271 cum
975 2228 1104 2271 soleat
1123 2227 1227 2280 dies,

354 2305 631 2349 Prudentiam
651 2303 887 2347 constabilit
906 2311 949 2345 et
967 2303 1223 2345 corroborat.

727 2388 768 2433 5.
791 2376 1031 2434 Euripides
1052 2376 1319 2433 Melanippa.

411 2453 607 2510 Antiqua
624 2453 740 2494 fatur
759 2451 908 2494 dictio:
935 2451 1144 2508 juvenum
1164 2450 1336 2508 quidem

354 2528 460 2571 Plus
478 2542 619 2585 opera,
641 2525 714 2568 sed
732 2525 903 2568 consilia
921 2524 1019 2583 plus
1038 2524 1198 2582 pollent
1217 2539 1377 2566 senum.

860 2598 898 2639 6.
923 2598 1042 2640 Idem
1064 2598 1198 2639 Peleo.

413 2672 533 2723 Plus,
553 2681 664 2723 nate,
686 2671 847 2713 senium
867 2669 992 2712 corde
1005 2668 1185 2726 juvenili
1202 2668 1317 2711 valet

356 2745 607 2788 Maturitate
626 2744 776 2787 mentis
795 2751 838 2785 et
852 2742 895 2785 vi
913 2741 1074 2793 consili,

356 2816 656 2874 Inscitiamque
674 2816 804 2859 vincit
822 2814 1091 2874 experientia.
