1780 3178
328 241 409 282 140
733 228 994 272 IOANNIS
1026 228 1269 273 STOBAEI
1326 227 1330 230 ’

859 343 896 389 7.
918 334 1126 376 Incertus.

383 412 553 461 Quanto
574 408 801 466 benignum
822 408 951 450 satius
969 416 1032 450 est
1053 405 1268 450 dominum
1287 407 1390 466 pati,

326 485 463 535 Quam
484 481 622 524 vivere
641 481 808 538 inopem
826 480 947 523 liberi
967 481 1046 523 sub
1066 480 1254 523 nomine!

727 554 767 596 8.
790 554 1004 596 Philiscus
1029 554 1257 596 Thebanis.

382 629 475 672 Mei
495 629 667 686 quidem
686 628 798 671 unus
817 627 1027 680 dom-inus,
1047 637 1093 671 at
1110 635 1298 670 vestrum
1315 627 1519 679 omnium,
1554 624 1559 628 ’
1585 640 1587 642 ’
1619 629 1629 648 ''

326 705 443 755 Quos
462 701 613 745 liberos
632 717 843 754 vocamus,
864 701 1088 759 imperium
1107 701 1270 743 obtinet

326 777 436 828 Lex,
457 776 524 818 vel
543 784 772 834 tyrannus;
803 784 846 818 et
865 784 1155 833 tyrannorum,
1177 784 1326 817 metus.

325 850 467 907 Reges
486 858 723 907 superstant
743 848 935 900 subditis,
956 849 1017 890 Di
1036 847 1221 906 regibus,

326 923 559 966 Necessitas
578 924 670 966 Dis.
720 924 751 965 J
755 923 841 965 uris
859 921 982 964 alieni
1001 921 1119 963 vides

327 996 620 1054 Quodcunque
639 1002 781 1037 rerum
801 1003 881 1043 est;
914 1009 1045 1052 parva
1065 994 1146 1038 sub
1164 994 1327 1052 magnis
1340 995 1496 1052 jacent,

327 1069 521 1128 Aliisque
541 1069 696 1111 debent
714 1067 795 1111 alia
813 1067 968 1110 servitii
988 1067 1131 1110 fidem.

821 1156 860 1197 9.
882 1130 1159 1198 Antiphwnes.

388 1216 455 1258 Sic
475 1215 577 1258 mihi
596 1214 764 1257 videtur
775 1231 789 1257 z
822 1221 942 1257 ‘servo
961 1214 1035 1272 qui
1054 1214 1191 1272 patria
1209 1215 1364 1257 excidit

329 1289 545 1346 Benignus
566 1288 762 1331 dominus
779 1288 928 1346 patriae
946 1296 1120 1346 praestat
1138 1288 1282 1330 vicem.

827 1375 895 1404 10.
917 1362 1171 1407 Menander.

386 1436 501 1488 Quid
519 1436 677 1478 frustra
694 1436 809 1493 frugi
829 1444 871 1478 et
890 1436 1028 1478 bonus
1047 1439 1116 1478 es?
1147 1451 1329 1494 namque
1348 1436 1476 1478 herus
1494 1436 1632 1515 omnia

329 1512 440 1551 Cum
462 1524 538 1551 sua
555 1508 772 1566 dilapidet,
793 1516 836 1551 et
855 1517 903 1551 tu
923 1508 1095 1566 diripias
1113 1508 1231 1561 nihil,
1536 1514 1538 1516 ’

327 1582 567 1625 Defraudas
586 1590 715 1625 temet
733 1582 835 1640 ipse,
856 1592 898 1624 et
917 1582 1036 1624 illum
1057 1597 1141 1625 non
1154 1584 1319 1640 juvas.
1311 1604 1313 1606 ·

714 1669 781 1697 11.
801 1656 1037 1713 Euripides
1057 1656 1272 1698 Archelao.

384 1731 483 1772 Non
503 1729 611 1771 alere
631 1744 813 1782 servum,
836 1729 908 1771 sed
929 1744 1004 1771 nec
1023 1729 1269 1786 ingenuum,
1286 1728 1415 1780 domi,

327 1812 347 1842 g
361 1802 536 1845 Homini
556 1799 949 1860 modestopraestat,
970 1811 1011 1845 et
1032 1802 1286 1845 tutissimum
1306 1810 1379 1844 est.

782 1890 845 1920 12.
868 1877 987 1919 Idem
1007 1877 1206 1934 Απιὶῳα.
1298 1868 1301 1871 ’
1332 1867 1334 1870 ’

615 1950 763 1993 Cernis
783 1950 961 1992 servitus
979 1950 1086 2008 quid
1106 1950 1160 1993 sit
1179 1950 1303 1992 mali?

771 2039 835 2082 13.
857 2025 973 2066 Idem
993 2025 1212 2067 Archelao.

383 2098 522 2140 Vitam
543 2098 640 2141 dedi
660 2107 709 2141 ut
727 2099 887 2141 famula
903 2107 1022 2141 esset.
1074 2099 1269 2155 AEquum
1290 2099 1442 2179 scilicet

327 2172 391 2213 Ut
410 2170 601 2228 sequiora
620 2172 800 2215 serviant
818 2172 1062 2230 potioribus.

756 2257 818 2298 14.
842 2245 957 2287 Idem
977 2245 1232 2287 Alexandro.
1281 2236 1286 2240 ’

384 2315 505 2373 Sapis
523 2315 694 2373 quidem
715 2326 763 2359 tu
783 2317 975 2359 Priame:
1010 2326 1148 2359 tamen
1168 2317 1268 2359 audi
1288 2332 1448 2374 precor.

324 2388 429 2431 Plus
448 2404 574 2448 quam
596 2404 758 2431 necesse
778 2398 840 2432 est
860 2405 1002 2447 sapere
1021 2390 1095 2447 qui
1116 2405 1260 2432 servus
1279 2391 1400 2448 sapit,

325 2462 445 2503 Onus
465 2470 527 2503 est
545 2461 780 2514 molestum,
802 2477 878 2504 nec
898 2462 1012 2505 domi
1032 2463 1235 2520 possessio
1253 2471 1316 2505 est

325 2537 432 2586 Quae
451 2535 547 2592 plus
565 2535 662 2577 mali
682 2536 887 2593 producat
907 2545 949 2579 et
967 2536 1103 2594 frugis
1122 2536 1270 2579 minus.

502 2694 516 2714 ⁸
531 2687 583 2719 lta
598 2687 633 2719 in
648 2698 709 2720 ms.
730 2689 846 2720 Altore
860 2688 918 2729 qui
931 2690 976 2719 sit
983 2690 1107 2729 potior,
1121 2690 1176 2720 vel
1188 2689 1390 2720 tutissimum
1402 2692 1462 2719 est.
