1780 3178
359 251 443 298 228
753 244 1014 291 IOANNIS
1047 242 1292 289 STOBAEI
1334 259 1339 262 ·

358 364 492 408 Tritis
509 362 683 407 lacernis
702 361 777 421 qui
797 361 980 417 advenit,
1003 361 1142 403 statim
1162 359 1306 403 audiet

359 438 663 491 Calumniator,
679 438 769 496 ipse
790 437 844 480 sit
861 437 989 479 laesus
1004 434 1113 478 licet.

884 513 922 550 ὁ.
946 509 1175 550 Philemon.

419 588 565 629 Homo
584 598 746 643 pauper
765 583 841 641 qui
861 583 953 625 vult
973 582 1127 634 vivere,
1148 581 1261 624 foede
1279 580 1422 624 vivere

360 660 488 703 Vult:
521 674 619 715 nam
638 667 864 716 paupertas
885 657 940 699 ad
960 655 1291 714 delinquendum
1304 654 1433 698 incita
1445 662 1520 696 est.

900 732 940 774 8.
962 732 1170 774 Incertus.

423 808 568 853 Homo
587 821 750 865 pauper
770 805 952 849 solitudo
972 815 1015 848 et
1033 805 1218 848 vastities
1235 821 1350 847 mera
1369 812 1443 846 est.

899 894 939 937 9.
958 880 1176 938 Diphibus.

423 953 638 1011 Impietas,
660 953 824 1011 quoties
844 963 906 995 est
926 952 1101 1010 egestati
1120 967 1271 1004 comes,

369 1028 536 1071 Evertit
554 1028 684 1070 vitam
705 1026 878 1070 summis
896 1042 923 1068 a.
940 1026 1163 1069 radicibus.

885 1115 955 1144 10.
972 1101 1206 1159 Sophocles.

429 1174 582 1233 Inopia
601 1173 773 1217 morbus
792 1182 854 1216 est
873 1173 1079 1216 laboranti
1099 1173 1250 1231 gravis,

843 1237 849 1243 ¹
899 1249 965 1291 Ib.
984 1250 1194 1290 Incertus.

432 1323 618 1366 Penuria
635 1323 772 1366 hostis
785 1322 929 1365 nullus
948 1330 1011 1364 est
1029 1322 1229 1364 infestior.

876 1409 895 1437 1
906 1409 940 1437 1.
963 1396 1216 1437 Menander.

435 1473 563 1514 Mens
582 1470 731 1513 timida
750 1484 913 1528 semper
932 1469 1108 1527 pauperi
1127 1477 1212 1512 est:
1243 1476 1372 1526 atque
1391 1457 1590 1510 omnibus

383 1546 437 1587 Se
458 1543 693 1602 suspicatur
712 1558 799 1585 esse
819 1542 1062 1600 despicatui.

378 1620 444 1660 At
463 1632 644 1675 quorum
663 1632 729 1658 res
750 1615 1101 1673 sunt‚>Lampria,
1121 1615 1392 1666 meliusculae,

377 1691 538 1737 Animo
558 1689 827 1734 obstinatiore
844 1688 1079 1747 perdurant
1096 1688 1223 1732 mala.

859 1775 928 1807 12.
953 1763 1247 1804 Callimachus.

499 1838 704 1896 Largitur
723 1836 863 1895 parvis
882 1849 967 1878 non
987 1834 1066 1877 nisi·
1082 1848 1214 1892 parva
1229 1836 1358 1877 Deus.

913 1924 978 1967 13.
1002 1911 1196 1953 Crantor.

440 1988 674 2043 Paupertas
693 1984 821 2043 pestis
839 1983 1022 2041 pessima
1038 1991 1102 2025 est
1120 1983 1389 2042 mortalibus:

381 2061 493 2102 Nam
513 2074 612 2101 cum
632 2057 727 2115 quis
746 2057 874 2100 animi
893 2066 1030 2114 gestat
1049 2056 1199 2099 excelsi
1218 2056 1419 2108 indolem,

381 2135 515 2176 Hunc
533 2133 674 2191 ipsum
694 2139 856 2189 egestas
876 2131 964 2173 sola
981 2117 1208 2173 ridiculum
1229 2131 1340 2173 facit.

470 2253 479 2257 ,
896 2216 960 2258 14.
988 2205 1218 2262 Theognis.

386 2283 476 2324 Cur
493 2279 680 2322 humeris
699 2279 843 2322 innixa
861 2279 979 2332 meis,
1000 2294 1027 2322 o
1046 2279 1184 2337 turpis
1202 2288 1377 2337 egestas,

443 2355 682 2397 Dedecoras
702 2369 868 2412 corpus,
890 2354 1115 2396 dedecoras
1135 2354 1345 2396 animum:

384 2429 553 2486 Meque>
565 2428 839 2470 reluctantem
859 2428 990 2471 trahis
1009 2428 1065 2471 ad
1081 2428 1284 2471 deformi-a
1302 2429 1456 2481 multa,

445 2501 530 2553 Qui
550 2510 613 2543 tot
631 2517 702 2543 res
715 2500 912 2559 pulchras
931 2512 1059 2559 atque
1077 2502 1208 2544 bonas
1227 2501 1380 2544 didici?

387 2574 500 2616 Nam
519 2573 588 2616 cui
608 2584 834 2632 paupertas
853 2583 916 2617 est
935 2574 1092 2627 addita,
1113 2575 1173 2616 nil
1192 2575 1327 2617 facere
1345 2575 1496 2627 audet,

445 2647 520 2690 Nil
537 2647 638 2690 fari:
671 2647 861 2706 linguam
881 2648 1050 2691 vincula
1069 2665 1180 2691 saeva
1198 2659 1407 2706 premunt.

954 2732 1018 2779 15.
1037 2723 1167 2765 Idem.

387 2796 544 2853 Cyme,
564 2811 664 2838 cave
683 2795 816 2839 iratus
834 2811 888 2839 ne
906 2796 1104 2854 cuiquam
1124 2796 1386 2840 incommoda
1405 2797 1546 2848 sortis,
