1780 3178
435 270 902 316 FLORILEGIUM.
934 273 1039 316 Trr.
1061 272 1129 316 86.

103 385 302 429 Robusta
320 386 474 429 teneris
490 385 662 429 brachia
680 384 842 429 hastam
860 386 1124 443 exceperint:

103 459 189 503 Sed
206 475 330 503 omne
348 460 392 502 in
411 460 551 503 animo
570 459 650 503 hoc
669 468 798 518 atque
826 459 871 501 in
889 459 1058 518 ingenio
1077 468 1141 503 est
1159 460 1298 503 situm.

150 574 153 577 .
602 545 645 590 5.
673 533 939 576 Theodectes.

159 604 343 664 Indigna
362 605 488 649 laude
506 615 570 649 est
587 605 661 649 illa
679 605 875 649 nobilitas
892 605 1010 658 mihi,

98 681 207 732 Quae
225 688 348 723 nacta
365 695 451 723 non
470 689 533 723 est
551 679 739 722 vindices
757 679 896 722 laudis
915 694 1014 722 suae.

589 754 630 795 6.
651 753 953 810 spicharmue.

156 825 233 868 Ah
252 839 399 868 enecas
418 839 500 877 me,
520 834 667 868 mater.
719 825 788 867 Ne
806 823 930 866 toties
947 838 1084 882 genus

97 901 404 952 Commemora,
425 914 579 957 quaeso.
610 900 728 958 'Nam
747 898 823 956 qui
843 907 1006 956 naturae
1026 898 1145 940 bonis

99 973 319 1031 Propriam
337 973 561 1032 desperant
578 972 771 1030 indipisci
784 971 978 1029 gloriam,

98 1046 243 1089 Isthuc
260 1046 534 1104 confugiunt:
566 1054 765 1103 repetunt
782 1045 990 1102 majorum
1010 1047 1133 1086 suum

98 1120 399 1167 Monumenta3
430 1127 536 1176 quot
554 1126 653 1160 sunt
671 1118 862 1175 stirpitus
879 1126 1103 1159 numerant
1122 1131 1237 1158 avos·

98 1190 328 1234 Enimvero
345 1189 557 1232 hominem
576 1188 851 1247 nuncupassis
870 1187 1094 1239 neminem,

98 1263 188 1306 Avi
206 1263 307 1321 quoi
327 1278 412 1305 non
432 1263 526 1305 sint.
578 1264 692 1306 Nam
711 1262 827 1306 unde
844 1262 1041 1321 prognati
1060 1262 1224 1304 forent?

96 1339 156 1380 At
171 1338 248 1395 qui
265 1352 430 1380 censere
448 1336 526 1380 hos
543 1345 755 1394 nequeant
772 1344 985 1379 mutatum
1002 1336 1059 1379 ob
1078 1335 1213 1378 solum

98 1412 329 1455 Generisve
346 1412 670 1455 internecionem
687 1419 731 1454 et
749 1411 1031 1462 solitudinem,

98 1486 221 1528 Eone
238 1484 506 1543 ignobiliores
524 1485 607 1527 sint
633 1484 923 1528 censentibus?

98 1559 352 1617 Quicunque
370 1559 426 1602 ad
446 1567 559 1602 recta
576 1559 713 1602 fertur
730 1557 906 1617 proclivi
925 1556 1080 1608 indole,

99 1633 265 1676 Nobilis
283 1643 360 1686 est,
381 1642 529 1685 mater,
550 1633 602 1675 sit
622 1631 895 1690 quantumvis
914 1628 1127 1688 AEthiops.

8 1752 11 1753 ⁷
97 1707 298 1765 Scytham
317 1709 606 1749 exsecramur?
635 1721 775 1748 nonne
793 1714 836 1747 et
854 1704 1106 1747 Anacharsis
1126 1702 1307 1761 Scytha?

481 1793 520 1835 7.
542 1779 782 1837 Eur-spida
801 1778 1058 1820 Alea-andro.

156 1851 286 1894 Bonis
303 1851 490 1894 adhaeret
509 1866 609 1893 vera
626 1850 844 1893 nobilitas:
876 1848 1007 1891 malos

101 1926 146 1966 A
167 1939 210 1966 se
227 1919 395 1981 relegat.

624 1997 663 2038 8.
685 1996 805 2038 Idem
826 1997 918 2038 Im).

154 2079 174 2100 ⁰
187 2072 415 2113 Pareamus
434 2070 535 2112 ortis
554 2069 697 2111 inclita
712 2083 766 2110 ex
786 2067 1039 2126 propagine:

99 2145 160 2186 Et
178 2158 440 2189 exsecremur
458 2151 509 2185 ut
527 2150 743 2185 merentur
759 2140 985 2198 improbos.

534 2230 574 2271 9.
596 2215 716 2258 Idem
730 2215 1001 2270 Melamippa.

158 2288 373 2331 Habenda
385 2303 472 2345 quo
491 2288 544 2330 sit
563 2287 648 2330 alta
665 2285 860 2330 nobilitas
878 2284 971 2326 loco

99 2364 277 2419 Nequeo
294 2361 447 2403 videre.
498 2360 610 2402 Nam
628 2359 785 2416 quibus
802 2372 921 2400 mens
939 2365 1002 2399 aet
1022 2356 1092 2413 pia

86 2435 368 2490 VAnimusque
386 2433 521 2484 fortis,
541 2433 624 2475 sint
642 2431 739 2474 licet
759 2431 889 2473 servis
908 2429 1002 2481 sati,

102 2509 287 2550 Vincunt
307 2515 515 2549 tumentes
534 2506 712 2548 nominis
731 2505 827 2547 vani
847 2518 960 2546 sono.

515 2593 578 2621 10.
601 2577 842 2620 Menander
859 2575 1030 2618 Cnidia.

161 2653 258 2703 Quo
276 2652 372 2708 quis
392 2651 443 2693 sit
463 2667 628 2708 genere,
650 2650 708 2693 nil
729 2665 808 2706 ego
826 2648 980 2690 referre
1000 2646 1189 2690 arbitror.

520 2818 533 2831 ‘
550 2810 646 2842 Refer
661 2811 702 2841 ad
715 2809 783 2841 Tit.
801 2806 1023 2840 LXXXVIII.

168 2885 261 2911 vm„
281 2885 338 2911 lv,
769 2883 792 2909 1'

1363 285 1444 329 209
