1780 3178
462 269 930 316 FLORILEGIUM.
962 273 1063 319 Trr.
1086 279 1153 334 63.

631 377 701 432 '19.
729 378 986 424 neom-itus.

1397 292 1476 338 147

199 444 353 488 Oscula
365 460 474 489 vana
483 447 669 506 quidem,
683 450 757 493 sed
772 450 817 493 in
830 450 898 495 his
910 468 1082 513 quoque
1098 471 1252 516 magna
1267 459 1472 518 voluptas.

639 535 706 567 20.
728 524 981 570 Maeander.

194 591 446 636 Amantium
465 594 529 638 ira
546 595 656 639 ferre
674 606 840 641 aetatem
861 613 946 643 non
963 611 1113 659 potest.

617 685 683 716 21.
705 674 824 716 Idem
842 675 998 719 Heroe.

194 741 368 794 Amore,
388 743 572 796 domina,
594 744 697 788 nihil
715 755 780 789 est.
798 747 1019 802 efficacius,

134 815 226 858 Nec
244 815 470 874 imperator
487 817 576 876 ipse
596 823 795 878 superum
814 822 846 864 J
850 822 1020 881 uppiter
1035 841 1045 866 :

132 889 248 941 Quin
267 900 432 944 cuncta,
453 892 508 936 ab
526 892 599 936 illo
618 893 804 939 domitus
823 906 866 939 et
884 896 1035 951 victus,
1054 899 1166 943 facit.

489 979 556 1013 22.
578 969 816 1028 Eum'pides
835 971 1116 1015 Andromeda.

187 1038 349 1081 Amore
368 1039 559 1098 quisquis
575 1050 725 1099 captus
743 1051 806 1085 est
824 1044 1080 1098 mortalium,

130 1111 174 1153 Si
195 1111 303 1155 forte
322 1129 483 1157 amores
501 1116 741 1159 commodos
759 1117 978 1171 invenerit,

129 1185 395 1229 Desiderabit
413 1187 559 1245 gaudii
578 1189 745 1232 nullum
763 1206 911 1248 genus.

560 1276 627 1320 23.
649 1264 769 1306 Idem
788 1266 1042 1324 Hippolyto.

184 1333 298 1376 Mihi
316 1335 376 1378 nil
396 1335 580 1379 timentis
599 1346 747 1381 auctor
766 1347 829 1381 est
848 1339 1036 1383 audaciae

126 1407 211 1459 Qui
231 1407 344 1451 solus
363 1409 488 1452 arctis
507 1409 667 1453 invenit
686 1411 813 1454 rebus
832 1412 960 1460 viam,

124 1483 262 1525 Amor
280 1492 464 1541 potestas
482 1485 672 1528 omnium
691 1485 974 1531 invictissima.

466 1566 474 1574 “
490 1571 557 1612 24.
578 1559 802 1617 Sesphocks
826 1561 1088 1603 Trachiniis.
1170 1585 1173 1586 ν

180 1631 434 1689 Quicunque
452 1632 617 1686 Amori,
637 1632 794 1692 pugilis
812 1634 857 1677 in
877 1649 1051 1688 morem,
1072 1651 1243 1678 manum

123 1704 298 1747 Tollens
316 1705 483 1757 resistit,
504 1715 616 1748 errat
634 1716 677 1749 et
695 1721 875 1764 pravum
895 1707 1026 1765 sapit:

122 1778 319 1836 Namque
339 1779 476 1821 Amor
493 1778 537 1821 in
556 1779 669 1837 ipsos
680 1780 756 1838 jus
774 1775 902 1823 habet
920 1795 1131 1823 summum
1153 1782 1279 1824 Deos.

580 1864 647 1909 25.
669 1854 788 1896 Idem
809 1854 1001 1896 Phaedra.

178 1923 278 1965 Non
296 1923 339 1965 in
354 1924 540 1966 virorum
560 1925 647 1967 sola
666 1927 804 1968 Amor
822 1942 866 1969 se
884 1935 1066 1984 pectora*

120 1997 181 2038 Et
200 1996 449 2039 feminarum
470 1996 666 2041 insinuat.
717 1991 839 2056 Ipsae
857 1999 963 2057 quin
982 1999 1126 2042 Defim

119 2068 323 2112 Sollicitat
342 2069 500 2112 animas
519 2077 562 2112 et
573 2063 718 2113 *ferum
737 2071 857 2129 ponti
875 2087 1060 2130 gregem.

118 2142 208 2184 Nec
227 2141 316 2200 ipse
333 2152 479 2185 contra
498 2143 669 2186 tendere
686 2144 951 2202 omnipotens
970 2145 1113 2187 Defim

120 2216 213 2257 Rex
233 2215 373 2258 audet.
425 2216 554 2259 Ultro
571 2217 707 2260 flexus
725 2216 948 2275 imperium
968 2219 1097 2261 subit.

522 2291 589 2333 26.
610 2291 814 2333 Moechus
834 2290 1057 2333 Bucolicis.

174 2363 228 2404 In
248 2363 402 2406 somnis
420 2363 586 2406 adstare
604 2364 708 2406 mihi
728 2365 872 2407 Venus
891 2379 1019 2407 aurea
1037 2364 1126 2407 visa
1144 2374 1234 2408 est:

116 2436 329 2479 Infantem
346 2437 535 2495 pulchris
554 2437 747 2480 manibus
766 2437 948 2481 ducebat
967 2439 1187 2490 Amorem,

115 2510 340 2567 Spectabat
360 2521 514 2553 terram
533 2511 608 2569 qui
627 2526 831 2554 cernuus:
863 2519 993 2569 atque
1011 2510 1071 2553 ita
1089 2511 1178 2554 fata
1197 2521 1285 2553 est:

115 2585 184 2626 Te
204 2600 311 2642 puer
329 2584 411 2638 hic,
434 2595 590 2644 pastor,
612 2586 744 2629 discat
760 2595 928 2629 cantare
947 2584 1162 2643 magistro.

114 2656 292 2700 Dixerat
311 2667 439 2716 atque
457 2659 583 2702 abiit:
615 2669 723 2711 tum,
744 2674 842 2717 quae
860 2657 1088 2701 meditatus
1106 2672 1239 2700 avena

115 2733 327 2785 Carmina,
347 2749 422 2776 ceu
443 2734 581 2786 docili,
602 2735 826 2778 recitabam
846 2732 1001 2776 stultus
1020 2730 1190 2773 Amori:

115 2806 312 2848 Gaudeat
335 2817 379 2848 ut
403 2806 567 2848 Phoebo
585 2806 744 2850 cithara
764 2806 993 2855 inventore,
1015 2803 1211 2846 Minerva

748 2894 774 2920 1,
798 2891 822 2922 2
