1838 3276
422 238 478 280 62
822 235 1082 279 IOANNIS
1114 234 1352 278 STOBAEI

424 350 574 392 Mente
593 349 723 407 igitur
740 359 863 407 grata
881 349 1036 393 Bacchi
1053 348 1328 407 complectere
1345 362 1514 398 munuS,

421 423 484 464 Et
502 421 614 474 bibe,
635 437 688 465 ne
707 431 894 466 ventrem
913 422 1071 480 stipans
1089 422 1212 480 dape,
1227 421 1409 464 vulturis
1426 420 1570 472 instar,

421 495 621 538 Assideas
639 510 792 538 mensae
810 495 920 538 laetae
938 494 1172 538 dulcedinis
1189 506 1363 552 expers

849 627 1154 676 TITULUS
1187 627 1335 677 XIX.

883 722 959 760 DE
988 721 1294 761 PATIENTIA.

777 815 813 844 1.
835 802 1072 860 Euripides
1091 802 1397 844 Ambrmnacha.

478 877 701 918 Certamen
721 875 868 933 ingens
887 875 1042 917 semine
1060 875 1216 933 exiguo
1234 875 1340 918 solet

421 950 641 991 Proserere
660 949 820 1007 lingua.
870 950 967 1000 Quo
985 948 1119 1006 magis
1138 948 1301 1007 sapiens
1319 958 1439 992 cavet

420 1022 541 1065 Odiis
559 1022 712 1065 amicos
731 1022 892 1065 mutuis
910 1022 1179 1066 committere.

756 1108 794 1138 2.
815 1096 1034 1138 Philemon
1053 1096 1422 1153 Epidicazomno.

476 1167 634 1211 Nullus
651 1177 877 1211 concentus
895 1177 958 1211 est
974 1168 1124 1212 auditu
1142 1168 1323 1220 suavior,

419 1245 557 1295 Quam
577 1259 674 1286 cum
692 1242 927 1286 dissimulat
945 1243 1105 1301 petitur
1123 1243 1199 1302 qui
1217 1243 1433 1286 convitiis:

418 1318 529 1360 Nam
548 1316 623 1374 qui
642 1316 804 1359 ridetur
823 1316 867 1359 id
888 1316 930 1359 si-
941 1331 1026 1359 non
1045 1332 1157 1375 aegre
1176 1316 1289 1370 tulit,

419 1389 618 1431 Ridendo
635 1389 740 1431 risor
758 1389 848 1447 ipse
866 1388 1070 1431 ridiculus
1087 1398 1240 1432 manet.

801 1474 842 1517 3.
863 1462 1101 1520 Euripides
1118 1463 1364 1506 Protesilao.

477 1533 772 1591 Loquentibus
790 1533 972 1586 duobus,
992 1533 1100 1576 irato
1118 1533 1263 1586 altero,

419 1606 592 1648 Certare
606 1605 681 1663 qui
701 1605 861 1648 desistit
878 1614 940 1647 est
961 1604 1195 1663 sapientior.

853 1692 917 1720 10.
940 1679 1162 1736 Sophocles
1180 1678 1324 1736 Ajace.

477 1751 724 1794 Hostilitate
742 1751 840 1809 plus
859 1751 962 1793 mihi
983 1750 1116 1793 virtus
1133 1751 1256 1794 valet.

923 1838 941 1866 1
952 1837 988 1866 1.
1014 1825 1248 1883 Theognis.

417 1898 517 1940 Non
535 1907 733 1954 praestare
753 1898 829 1940 tibi
848 1914 945 1955 quae
964 1898 1042 1950 vis,
1062 1898 1213 1950 anime,
1234 1899 1375 1941 omnia
1390 1914 1589 1957 possum:

477 1972 649 2014 Perfer:
681 1987 766 2015 non
786 1972 861 2015 soli
882 1988 979 2015 nam
999 1972 1075 2015 tibi
1095 1972 1273 2031 pulchra
1290 1972 1467 2031 placent.

859 2079 1162 2130 TITULUS
1195 2079 1314 2128 XX.

975 2175 1050 2213 DE
1078 2174 1184 2212 IRA.

937 2268 972 2296 1.
1001 2254 1230 2311 TVaeog-nis.

414 2331 496 2382 Ira,
519 2331 675 2387 Cyme,
696 2328 800 2371 nihil
818 2327 1040 2371 crudelius.
1089 2327 1172 2370 Illa
1189 2336 1432 2384 sequentem

472 2402 629 2453 Laedit‚
650 2411 692 2444 et
710 2400 922 2444 excruciat
940 2415 1013 2443 cor
1030 2399 1332 2443 miserabiliter.

894 2479 906 2483 ‘
954 2488 994 2518 2.
1015 2475 1205 2517 Evenus.

415 2550 490 2591 Ira
507 2557 550 2591 et
567 2563 664 2606 quae
683 2548 826 2606 penita
843 2547 979 2590 cordis
998 2548 1079 2591 sub
1099 2547 1414 2601 sedelatebant,

470 2623 751 2665 Tormentum
769 2622 941 2680 gravius
959 2637 1088 2679 quam
1107 2622 1240 2674 furor,
1260 2622 1508 2665 exterebrat.

917 2709 958 2752 3.
975 2682 1234 2738 'Menanden

470 2767 712 2813 Errationes
731 2777 859 2812 aestus
878 2767 951 2811 iroe
973 2783 1056 2812 non
1075 2766 1205 2820 videt,
