1780 3178
214 136 302 182 344

218 239 353 295 γονέων
370 240 406 280 δὲ
427 242 496 293 ἀμ.
519 250 592 296 79,
602 252 675 296 34.
690 240 763 293 46.

219 296 353 352 γονέων
374 297 409 338 δὲ
425 298 524 350 μετὰ
545 307 616 353 79,
627 310 701 353 49.

220 353 355 409 γονέων
373 357 422 395 τοὶ
442 354 556 396 τέκνα
576 355 647 411 83,
665 355 708 396 8.

220 411 384 468 Γοργίας
408 425 506 464 101,
522 424 591 455 21.

221 468 387 526 Γοργίας
408 473 425 510 6
441 473 494 511 A.
522 483 539 511 1
551 470 619 520 18,
634 481 704 525 23.

221 525 387 582 Γοργίας
409 530 425 567 ὁ
444 531 478 584 ῤ.
504 527 603 578 118,
618 539 688 581 29.

222 583 358 640 Γοργὼ
378 588 396 634 ἡ
416 587 557 626 Λακεδ.
580 594 621 638 7,
634 596 706 639 31.

223 644 342 697 γραῦν
361 658 445 682 τινα
466 653 536 698 29,
550 642 623 697 69.

223 698 498 753 γυμναζόμενον
518 708 562 755 5,
577 710 650 754 45.

224 758 390 809 γυναῖκα
412 757 439 797 δ’
460 755 562 805 ὅστις
584 767 657 812 73,
676 769 743 812 13.

226 815 391 868 γυναῖκα
413 815 476 855 καὶ
498 814 569 869 69,
584 823 626 868 7.

226 872 391 924 γυναῖκα
414 870 559 912 θάπτειν
579 871 653 921 68,
669 882 737 913 22.

227 930 401 983 γυναῖκες
421 930 455 978 ἐς
471 928 539 981 μὲν
559 939 630 984 73,
643 939 717 984 32.

228 987 402 1039 γυναῖκες
423 985 535 1039 ἐσμέν
557 996 714 1042 73,41.

228 1043 379 1097 γυναικὶ
399 1044 428 1084 δ’
448 1042 559 1096 ὄλβος
581 1055 653 1098 74,
674 1051 742 1098 15.

228 1100 404 1154 γυναικὲς
423 1101 564 1158 ἀγαθῆς
585 1100 658 1152 68,
671 1111 742 1143 21.
798 1149 802 1154 ,

228 1158 405 1211 *γυναικὸς
425 1160 560 1214 ἀρετὰς
579 1158 652 1213 67,
667 1159 710 1199 6.

230 1214 378 1269 γυναιξὶ
394 1214 523 1273 τέρψις
545 1227 615 1271 73,
632 1225 683 1270 17
690 1245 701 1258 .

231 1271 342 1326 γύναι
363 1273 414 1312 τοὶ
434 1282 475 1314 λ.
500 1274 598 1324 116,
617 1284 686 1326 24.

231 1330 323 1383 γυνὴ
343 1332 422 1387 γὰρ
441 1332 476 1371 ἔν
497 1331 569 1384 67,
587 1342 654 1386 15.

232 1387 324 1441 γυνὴ
343 1389 424 1444 γὰρ
444 1388 562 1440 ἐξελθ.
583 1399 735 1443 73,11.
788 1440 796 1444 ᾖ

232 1445 324 1498 γυνὴ
344 1443 422 1501 γάρ
443 1447 524 1487 ἐστι
547 1456 619 1501 73,
634 1444 676 1487 8.

233 1502 326 1556 γυνὴ
345 1503 503 1558 γυναικὶ
519 1511 591 1558 73,
608 1514 678 1546 12.

235 1560 327 1613 γυνὴ
346 1558 414 1613 μὲν
435 1561 490 1611 ἐξ.
513 1570 635 1614 77,1.

235 1618 327 1671 γυνὴ
345 1619 473 1658 πολλοὶ
495 1627 566 1673 73,
580 1618 652 1660 62.

236 1674 328 1728 γυνὴ
347 1676 551 1725 πολυτελὴς
569 1675 692 1730 69,4.

235 1731 328 1785 γυνῆ
347 1747 390 1771 τε
408 1730 553 1773 πάντων
574 1743 645 1787 73,
658 1741 731 1787 57.

237 1790 329 1843 γυνὴ
350 1787 454 1843 φίλον
473 1789 541 1843 μὲν
562 1798 586 1843 7
588 1798 684 1844 5,4.

239 1901 405 1958 δακρύειν
422 1903 491 1958 μὲν
514 1915 611 1956 122,
629 1904 696 1946 16.

238 1961 440 2015 Δαρδανεῖς
458 1970 502 2016 5,
515 1971 588 2017 51.

239 2019 394 2073 Δαρεῖος
413 2020 430 2059 6
451 2018 592 2071 Ξέρξου
614 2029 655 2073 7,
671 2018 742 2062 28.

240 2077 394 2131 Δαρεῖος
417 2078 434 2115 ὁ
453 2078 614 2132 Περσῶν
637 2086 680 2129 7,
695 2077 766 2119 62.
791 2078 796 2079 ’

239 2132 294 2172 δεῖ
309 2134 387 2187 γὰρ
408 2132 516 2183 δήπου
535 2133 609 2185 48,
624 2142 695 2188 73.

240 2189 294 2229 δεῖ
311 2191 389 2245 γὰρ
410 2190 446 2229 ἐν
465 2188 569 2231 πόλει
590 2202 665 2245 43,
684 2202 698 2231 1
710 2199 779 2244 27.

241 2246 294 2286 δεῖ
312 2248 390 2301 γὰρ
408 2245 428 2296 ἢ
447 2246 614 2300 μαθόντα
633 2259 708 2302 43,
726 2259 822 2303 135.

243 2303 296 2343 ’δεῖ
311 2306 389 2359 γὰρ
410 2301 439 2345 ὦ
458 2305 542 2346 Ἀθ.
562 2317 636 2360 43,
651 2308 722 2360 69.

243 2361 297 2400 δεῖ
314 2360 350 2401 δὲ
370 2360 559 2417 ἀπείργειν
579 2362 652 2414 46,
666 2362 739 2418 58.

243 2417 297 2458 δεῖ
313 2417 349 2458 δὲ
367 2417 462 2471 μῆτε
481 2420 571 2475 ὀργῇ
591 2420 666 2471 46,
679 2420 752 2474 56.

244 2474 297 2515 δεῖ
315 2474 351 2515 δὲ
371 2475 432 2516 τὸν
452 2475 621 2516 ἀλαθινὸν
640 2478 714 2529 46,
729 2478 800 2518 61.

243 2531 350 2572 δεῖδὲ
368 2532 429 2573 τὸν
450 2531 555 2585 νόμον
572 2545 647 2588 43,
662 2546 756 2590 133.
776 2546 872 2590 134.

244 2588 298 2628 δεῖ
313 2587 350 2629 δὲ
368 2587 489 2643 ὥσπερ
506 2591 579 2642 46,
594 2602 690 2632 100.

244 2645 298 2686 δεῖ
316 2645 533 2702 θαρροῦντας
558 2659 655 2699 101,
673 2658 716 2703 7.
732 2696 734 2698 v

243 2702 354 2743 δειλοὶ
374 2705 451 2758 γὰρ
471 2704 513 2754 8,
526 2716 570 2759 3.

245 2759 370 2800 δειλῶν
389 2762 562 2814 γυναῖκες
581 2771 651 2818 73,
670 2763 737 2805 16.
775 2759 777 2762 ’

244 2816 352 2857 δειναὶ
372 2816 440 2869 μὲν
458 2826 529 2872 73,
545 2819 614 2860 26.

245 2873 334 2925 δεινὴ
353 2874 421 2927 μὲν
442 2883 512 2931 73,
532 2888 568 2917 1.

841 126 1080 170 INDEX

993 244 1081 294 δεινὴ
1101 242 1206 292 πόλις
1225 254 1299 298 43,
1313 253 1380 283 12.

993 300 1082 351 δεινῆ
1095 317 1157 358 -τις
1175 300 1264 357 ὅργῆ
1287 311 1358 351 20,
1371 300 1445 355 36.

993 357 1094 398 δεινοὶ
1114 359 1192 414 γὰρ
1218 369 1316 414 125,
1334 369 1402 400 12.

994 414 1100 456 δεινόν
1119 431 1167 470 γε
1191 416 1288 466 106,
1307 427 1326 456 1
1339 427 1376 456 1.

995 471 1102 513 δεινόν
1121 488 1169 527 γε
1188 474 1263 521 τοῖς
1281 483 1404 528 93,2.

996 528 1101 570 δεινδν
1121 530 1149 569 δ’
1170 527 1220 570 ὅτ’
1241 528 1286 571 οἲν
1305 541 1378 585 23,
1395 541 1434 571 1.

997 586 1103 627 δεινὸν
1123 585 1249 642 ἔλεγεν
1267 595 1312 642 5,
1324 599 1398 639 41.

998 643 1104 685 δεινόν
1120 645 1196 685 ἐστ’
1220 647 1237 684 6
1259 657 1330 700 93,
1346 644 1387 685 8.

998 701 1105 742 δεινὸν
1125 701 1386 758 κασιγνήτοισι
1405 699 1477 754 84,
1489 713 1536 757 3.

1000 757 1106 799 δεινόν
1126 776 1162 800 τι
1182 758 1318 801 τέκνων
1341 758 1411 814 83,
1427 759 1471 801 6.

1001 815 1106 856 δεινὸν
1121 817 1163 857 τὸ
1183 815 1320 858 τίκτειν
1339 817 1459 871 76,5.

1001 871 1105 921 δεινός
1123 874 1327 930 χαρακτὴρ
1351 873 1473 925 88,6.

1001 928 1150 979 δείπνοις
1168 933 1242 979 τοῖς
1260 940 1306 986 5,
1321 942 1395 983 40.

1002 988 1270 1042 δεισιδαιμονῶν
1290 1001 1364 1041 44,
1379 1000 1451 1032 21.

1002 1045 1055 1085 δεῖ
1072 1047 1136 1096 τὴν
1157 1047 1198 1088 ἐκ
1219 1056 1290 1101 74,
1302 1057 1376 1102 33.

1004 1103 1056 1143 δεῖ
1072 1105 1169 1144 τοῖσι
1189 1104 1341 1152 πολλοῖς
1358 1102 1484 1156 48,4.

1004 1160 1056 1200 δεῖ
1072 1160 1134 1201 τὸν
1154 1161 1340 1218 ἀκροατὴν
1356 1161 1431 1213 46,
1444 1169 1512 1215 15.

1004 1217 1058 1258 δεῖ
1071 1218 1132 1258 τὸν
1150 1217 1189 1260 εὖ
1209 1229 1270 1273 φρ.
1291 1227 1360 1272 17,
1375 1229 1447 1262 21.
1464 1228 1471 1231 ’

1005 1275 1057 1315 δεῖ
1074 1275 1136 1316 τὸν
1152 1279 1312 1317 πολιτῶν
1331 1286 1405 1331 45,
1416 1275 1461 1317 8.

1006 1332 1060 1372 δεῖ
1074 1332 1157 1381 τοὺς
1175 1350 1253 1389 γιν.
1277 1343 1349 1388 29,
1365 1344 1434 1386 17.

1005 1389 1059 1430 δεῖ
1075 1389 1158 1439 τοὺς
1177 1394 1256 1431 νοῦν
1275 1390 1428 1445 45,18.

1005 1447 1059 1488 δεῖ
1077 1446 1193 1499 φίλοις
1212 1448 1275 1488 καὶ
1299 1459 1368 1501 27,
1381 1461 1448 1491 10.

1007 1504 1060 1545 δεῖ
1077 1502 1198 1562 ὥσπερ
1218 1505 1396 1563 Σειρῆνας
1415 1515 1461 1561 5,
1477 1504 1550 1547 81.

1008 1562 1060 1602 δεῖ
1077 1559 1198 1619 ὥσπερ
1219 1563 1280 1603 τὸν
1298 1571 1342 1618 5,
1357 1564 1429 1618 67.

1008 1619 1060 1660 δεῖ
1076 1617 1197 1675 ὥσπερ
1219 1622 1290 1661 εὐν.
1309 1633 1355 1676 3,
1371 1620 1442 1674 87.

1008 1675 1157 1727 δέξασθε
1177 1674 1206 1718 ὦ
1226 1676 1278 1720 Σο
1298 1690 1373 1730 44,
1389 1689 1460 1721 22·

1009 1734 1197 1789 Δέρκιππε
1214 1734 1277 1775 καὶ
1299 1747 1317 1775 1
1328 1747 1396 1790 13,
1410 1749 1452 1791 9.

1009 1790 1161 1832 δέσποιν’
1183 1790 1313 1862 ἔρωτος
1333 1793 1405 1848 63,
1420 1804 1491 1836 21.

1008 1846 1161 1890 δέσποιν’
1183 1849 1234 1889 στ’
1255 1847 1300 1890 ἄν
1323 1858 1394 1903 27,
1406 1859 1450 1906 5.

1009 1906 1106 1962 δεῦρο
1127 1909 1184 1947 νῦν
1204 1904 1244 1957 ἦν
1262 1907 1293 1947 δ’
1310 1918 1384 1963 43,
1397 1920 1471 1963 99.

1009 1963 1101 2004 δεῦτ’
1121 1960 1150 2004 ὦ
1170 1963 1265 2005 τέκν’
1288 1964 1360 2018 78,
1378 1974 1423 2019 7.

1009 2021 1113 2069 δηλοῖ
1130 2021 1159 2061 δ’
1177 2023 1216 2062 οὐ
1238 2022 1318 2063 καθ’
1335 2020 1374 2062 ἓν
1391 2033 1466 2078 43,
1477 2021 1551 2078 38.

1009 2078 1115 2126 δῆλον
1134 2080 1210 2134 γὰρ
1231 2079 1304 2131 62,
1315 2091 1391 2134 30.

1011 2134 1186 2189 Δημάδης
1205 2146 1280 2191 54,
1293 2145 1366 2190 47·

1011 2191 1187 2244 Δημάδης
1208 2192 1283 2233 εἶπε
1306 2204 1377 2248 74,
1388 2192 1463 2248 56.

1012 2249 1189 2303 Δημάδης
1209 2252 1314 2305 ἔρωτ’.
1337 2263 1407 2306 29,
1421 2263 1494 2306 91·

1013 2306 1188 2360 Δημάδης
1206 2308 1289 2356 τοὺς
1306 2321 1352 2361 4,
1366 2308 1440 2363 69.

1014 2363 1222 2421 Δημήτριος
1237 2365 1309 2418 48,
1326 2375 1396 2420 27.

1013 2420 1220 2477 Δημήτριος
1241 2425 1258 2462 ὁ
1277 2431 1322 2477 5,
1336 2434 1409 2477 59.

1013 2477 1258 2533 Δημοκράτης
1281 2491 1352 2529 22,
1364 2490 1438 2534 43.

1013 2534 1260 2592 Δημοκράτης
1283 2535 1361 2577 ἰδὼν
1386 2550 1400 2577 1
1409 2549 1453 2592 3,
1461 2548 1533 2591 30.

1012 2591 1261 2649 δημοκρατίαν
1278 2594 1307 2633 δ’
1328 2590 1405 2648 ἐγὼ
1423 2603 1531 2648 43,5
1544 2605 1579 2634 1.

1013 2648 1241 2703 Δημόκριτος
1263 2664 1334 2706 70,
1352 2650 1420 2692 18.

1013 2706 1244 2758 Δημοσθένης
1263 2708 1355 2749 δυοῖν
1372 2717 1446 2763 45,
1464 2718 1534 2763 23.
1590 2731 1595 2737 -

1014 2762 1244 2816 Δημοσθένης
1265 2763 1341 2806 εἶπε
1358 2774 1510 2820 45,22.

1013 2820 1246 2873 Δημοσθένης
1266 2821 1393 2878 ἔλεγεν
1417 2833 1458 2873 2,
1475 2833 1546 2864 22.

1015 2876 1243 2932 Δημοσθένης
1265 2880 1372 2937 bem.
1395 2889 1465 2935 29,
1479 2890 1552 2935 90.
