1838 3276
437 282 494 327 32
841 273 1101 317 1oANN18
1134 273 1378 316 s'rossAEI

437 384 589 426 Turba
607 384 712 442 quid
732 386 827 428 Eoo
847 387 1109 430 narrabimus
1128 387 1254 431 obvia
1272 388 1413 446 Regi?

437 457 553 509 Quid
572 473 638 500 me
658 458 911 502 immortales
929 459 1090 512 misisti,
1111 470 1261 513 rector,
1282 461 1326 504 in
1346 461 1510 505 hostes?

436 532 535 574 Non
555 531 647 574 telis
665 547 768 590 gens
787 532 866 575 ista
884 532 1010 585 cadit,
1031 548 1115 576 non
1136 533 1312 577 vulnera
1331 547 1462 578 curat.

436 604 563 646 Unus
579 603 706 646 homo
724 612 833 647 totas
852 604 960 647 acies
977 605 1124 662 fugat:
1155 605 1254 648 inde
1270 615 1471 650 cruentus

438 677 614 719 Constat
632 677 772 720 adhuc
791 677 927 736 campi
947 678 1101 731 modio,
1121 679 1239 723 velut
1256 679 1487 725 indomitus
1503 683 1640 734 Mars,

436 751 531 793 Aut
551 759 600 793 ut
618 751 783 795 ferratis
800 752 932 796 haeret
950 753 1161 797 radicibus
1180 755 1318 808 arbos,

437 822 499 865 Et
517 822 602 866 labi
620 833 759 882 negat,
781 834 823 868 et
841 824 961 869 classi
973 826 1065 884 jam
1083 827 1194 870 forte
1212 827 1408 871 minatur.

438 895 561 939 Solve
579 897 859 955 gubernator:
890 898 997 956 quid
1014 899 1126 942 enim
1145 915 1386 959 pugnamus
1404 901 1448 945 in
1468 902 1664 946 umbras?

858 1016 1162 1067 TITULUS
1196 1019 1342 1068 VIII.

879 1116 955 1155 DE
982 1117 1323 1158 TIMIDITATE.

782 1211 818 1240 1.
835 1199 1072 1257 Euripides
1091 1202 1422 1260 Bellerophonte.

492 1271 628 1312 Astus
643 1270 817 1314 latentes
835 1274 963 1330 atq'ue
981 1273 1149 1317 fallaces
1167 1274 1255 1317 doli

437 1342 670 1386 Solertioris
690 1354 788 1387 sunt
808 1354 973 1402 reperta
990 1346 1181 1404 ignaviae.

860 1430 897 1461 2.
920 1419 1141 1475 Sophocles
1160 1421 1339 1464 Acrisio.

491 1489 720 1532 Clamatur.
772 1491 1025 1534 Exauditis?
1057 1509 1111 1535 an
1131 1494 1290 1537 frustra
1309 1496 1526 1555 obstrepo?

433 1563 574 1605 Facile
592 1563 732 1606 anima
751 1575 941 1608 metuens
959 1566 1080 1610 audit
1097 1577 1173 1610 aut
1190 1569 1313 1627 fingit
1332 1586 1464 1614 sonos.

827 1651 868 1695 3.
884 1639 1122 1698 Euripides
1134 1642 1368 1701 Meleagro.

489 1707 723 1751 Numerare
743 1709 910 1754 timidos
930 1727 1052 1769 parce
1071 1728 1169 1756 cum
1187 1729 1334 1774 pugna
1350 1716 1562 1761 imminet:

433 1779 516 1822 Sed
536 1779 613 1823 hos
633 1791 683 1825 ut
701 1782 840 1826 adsint
858 1785 1039 1828 maxime
1058 1787 1248 1830 absentes
1269 1797 1386 1846 puta.

870 1870 914 1911 4.
935 1858 1151 1902 Homerus
1170 1862 1322 1904 Iliade.

490 1927 606 1979 Quid
625 1928 682 1971 sic
701 1945 811 1972 saeva
830 1931 951 1974 times
969 1932 1090 1976 dubii
1109 1935 1335 1978 certamina
1355 1936 1535 1980 Martis?

430 2001 542 2044 Nam
561 2003 767 2060 quamviS,
788 2005 983 2050 Danaum
1004 2006 1107 2050 dum
1127 2007 1299 2051 classem
1318 2009 1570 2064 invadimus,
1586 2026 1734 2060 omnes

429 2076 520 2118 Nos
538 2085 732 2134 raperent
750 2077 840 2121 fera
857 2079 960 2132 fata,
981 2089 1093 2123 caret
1113 2090 1189 2125 tua
1206 2083 1294 2125 vita
1312 2084 1481 2142 periclo,

430 2148 495 2191 Ut
513 2148 582 2191 cui
600 2164 684 2191 non
704 2165 878 2208 pugnax
898 2152 1075 2205 animm,
1096 2169 1181 2197 non
1200 2155 1309 2199 forte
1329 2157 1470 2206 subest
1489 2173 1572 2202 eor.

811 2235 852 2280 5.
876 2225 1096 2282 Sophocles
1115 2228 1376 2288 Phrygibus.

489 2291 697 2335 Fervente
715 2293 826 2337 bello
845 2310 928 2338 non
949 2296 1028 2339 nisi
1046 2298 1176 2342 fortes
1194 2301 1299 2344 solet

429 2365 550 2407 Mars
568 2366 799 2424 pignerare.
849 2369 1022 2427 Lingua
1039 2372 1108 2413 cui
1128 2374 1350 2427 ventosior,

429 2437 553 2494 Fuga
569 2439 773 2495 periclum
793 2450 991 2499 properat
1009 2451 1281 2498 antevertere,

428 2510 632 2568 Marsque
650 2511 739 2570 ipse
758 2513 926 2557 timidos
945 2516 1104 2574 spernit
1121 2531 1148 2560 a
1167 2532 1254 2562 sese
1269 2521 1434 2578 procul.

686 2587 728 2628 6.
749 2587 986 2646 Eur'qn‘des
1005 2590 1236 2650 Iphigmia
1251 2594 1300 2634 in
1323 2595 1499 2638 Tam-is.

484 2657 597 2699 Mihi
617 2673 701 2700 non
719 2659 887 2704 videtur
906 2675 1064 2720 sapere,
1085 2663 1175 2720 qui,
1194 2679 1292 2707 cum
1312 2681 1423 2709 mors
1442 2683 1575 2727 prope
1593 2679 1670 2722 est,
1696 2712 1699 2714 ,

428 2728 740 2774 Miserationem
760 2733 913 2790 quaerit
931 2732 1131 2779 adversus
1149 2745 1321 2780 metum.
