1780 3178
426 240 893 301 FLORILEGIUM.
926 259 1026 302 Tm.
1050 262 1118 316 98.
1366 273 1452 319 239

115 371 211 413 Aut
232 386 317 413 una
335 381 456 414 nocte
473 381 549 414 aut
568 386 654 414 uno
673 372 813 415 vexati
831 372 900 423 die

117 443 303 487 Salutem
322 460 422 488 mox
440 445 668 504 reperiunt,
690 456 764 489 aut
784 446 994 490 navalium

116 519 237 569 Tuto
255 529 441 577 receptu,
461 529 536 562 aut
555 520 690 563 ventis
707 520 1000 579 aspirantibus.

115 593 229 636 Mihi
248 610 348 637 vero
366 595 411 637 id
430 610 514 638 non
533 596 763 655 contingit3
797 613 873 640 nec
891 598 935 640 in
955 613 1089 640 unum
1105 598 1233 651 diem,

117 666 201 709 Sed
219 666 264 709 in
282 667 412 709 vitam
431 684 598 711 omnem
618 669 787 712 turbine
805 670 957 714 infesto
975 671 1132 714 obruor

116 741 260 798 Magis
279 741 495 799 magisque
514 742 713 802 gliscente
727 744 981 801 aegrimonia.

510 829 578 861 21.
599 819 838 876 Euripides
864 820 1057 877 mycale.

452 891 643 950 Desipis,
659 908 757 935 cum
777 893 832 935 sis
850 894 992 946 homo,

118 962 162 1004 Si
182 963 269 1006 sine
288 963 430 1006 labore
450 975 491 1008 te
511 980 646 1022 usque
665 966 875 1008 victurum
894 975 1032 1024 putas.

643 1051 710 1083 22.
729 1039 934 1083 Incertus.

636 1113 722 1156 Sed
740 1113 924 1171 plurima

117 1183 220 1226 Dies
238 1193 281 1227 et
298 1194 390 1227 atra
407 1201 491 1228 nox
513 1186 657 1228 ferunt
675 1187 934 1230 mortalibus.

542 1270 609 1315 23.
631 1259 853 1317 Sqohocles
872 1262 1032 1319 Mysis.

173 1331 312 1372 Nemo
329 1340 393 1373 est
409 1331 569 1388 absque
587 1331 829 1375 laboribus:

117 1403 239 1447 Felix
258 1405 326 1448 cui
346 1404 566 1447 minimum
586 1405 726 1448 datur.

671 1493 738 1534 24
759 1481 901 1524 Solon.

118 1551 255 1592 Nemo
272 1551 421 1593 beatus
439 1551 566 1594 homo
585 1562 670 1595 est:
703 1554 777 1596 sed
795 1570 893 1612 pars
911 1554 1121 1614 adscripta
1139 1557 1331 1600 dolorum

175 1625 384 1668 Omnibus
403 1625 624 1669 aetherium
643 1643 750 1685 quos
763 1628 893 1686 jubas
912 1629 1094 1673 irradiat.

244 1711 271 1739 o
596 1713 622 1745 2
621 1714 664 1758 5.
686 1703 973 1761 Bacchylides.

174 1769 297 1813 Alias
315 1770 386 1812 alii
404 1771 525 1814 Deus
543 1772 744 1830 imposuit

118 1844 253 1886 Curas
271 1843 453 1886 homini:
485 1845 621 1888 nullas
641 1846 758 1889 nulli.

677 1920 744 1964 26.
762 1921 893 1962 Idem.

175 1992 332 2034 Omnes
349 1992 457 2035 inter
474 2009 582 2051 quos
600 2003 742 2052 portat
760 1995 932 2047 humus,

117 2065 255 2107 Nemo
274 2075 336 2108 est
354 2066 468 2109 omni
486 2082 539 2109 ex
556 2076 676 2126 parte
695 2068 855 2111 beatus.

674 2153 740 2198 27.
763 2143 898 2185 Idem.

176 2213 275 2255 Sors
293 2213 428 2270 prima
447 2213 606 2256 homini
627 2230 845 2271 nunquam
866 2215 992 2267 nasci,

117 2287 159 2328 N
161 2301 208 2328 ec
227 2286 462 2330 Phoebeum
479 2296 665 2345 spectare
677 2288 819 2346 jubar.

117 2359 254 2401 Nemo
273 2368 335 2401 est
354 2359 467 2402 omni
488 2369 674 2418 tempore
691 2360 806 2404 felix.

440 2457 443 2460 ⁴
493 2434 564 2476 28.
584 2435 779 2477 Herodes
798 2435 1076 2477 Mimiambis.

174 2503 326 2547 Nullas
344 2505 399 2548 ab
418 2507 531 2548 omni
551 2506 646 2549 labe
664 2507 792 2550 cladis
810 2508 1019 2551 immunes

116 2577 278 2619 Domos
297 2577 438 2620 videre
456 2589 530 2622 est.
582 2580 667 2632 Qui
687 2581 826 2623 minus
845 2581 942 2624 mali
962 2582 1101 2634 sentit,

120 2650 206 2693 Hic
224 2650 422 2709 obtigisse
439 2652 535 2710 plus
554 2653 653 2695 boni
674 2653 752 2696 sibi
771 2654 917 2703 credit.

620 2737 687 2781 29.
709 2727 960 2769 Simonides.

295 2797 484 2840 Veridico
504 2798 636 2841 Chius
655 2799 817 2842 dixerat
836 2815 907 2841 ore
927 2815 1067 2849 senex,
