1780 3178
350 289 434 331 106·
520 274 522 277 ’
747 287 1003 331 IoANle
1035 279 1280 330 s'roBAEI
1301 294 1303 296 ·

350 398 434 438 Per
453 411 558 453 quas
576 404 724 454 potens
742 411 989 454 pauperque
1009 394 1257 438 tantundem
1278 394 1435 444 ferunt,

351 469 624 527 AEqualitatis
642 468 800 511 arbitro
817 467 1057 510 libramine:

351 542 573 600 Vincitque
592 542 725 584 fretus
737 542 837 599 jure
856 542 1055 599 majorem
1075 541 1223 583 minor.

797 627 835 671 7.
858 616 1080 673 Sophocles
1099 615 1240 672 Ajace.

410 701 432 721 ¹¹
445 692 494 733 In
514 700 730 749 posterum
748 691 829 733 Dis
849 686 1320 732 cedere‘immortalibus

351 766 572 809 Discemus
591 781 706 823 ergo,
727 764 861 807 colere
880 773 923 807 et
941 764 1118 808 Atridas
1137 763 1270 806 duos:

352 842 464 883 Nam
483 840 691 898 principes
711 849 820 886 sunt.
873 838 1215 896 Obsequendum.
1267 837 1435 894 Quippe
1450 835 1523 880 ni?
1544 891 1553 895 -

354 915 468 959 Cum
486 913 626 956 valida
644 928 784 956 rerum
801 928 984 970 quaeque
1003 921 1046 956 et
1064 911 1333 954 invictissima

354 988 520 1032 Cedant
539 987 699 1032 honori.
750 987 933 1029 Nivibus
951 986 1193 1029 horrescens
1212 986 1360 1043 hyems

356 1064 522 1120 Fruges
540 1062 690 1104 ferenti
711 1061 859 1104 tribuit
879 1061 1013 1103 aestati
1032 1060 1196 1103 locum:

354 1136 560 1195 Desurgit
577 1146 669 1179 atro
687 1151 772 1178 nox
791 1134 933 1193 globo,
955 1151 1051 1178 cum
1071 1134 1260 1178 candidis

355 1211 535 1254 Veniens
554 1210 770 1268 quadrigis
787 1210 931 1252 lumen
951 1210 1139 1266 accendit
1162 1210 1273 1252 dies:

358 1284 571 1328 Gravibus
590 1283 781 1342 procellis
799 1291 950 1326 ventus
969 1282 1175 1340 agitat-um
1194 1297 1308 1324 mare

357 1359 548 1402 Tandem
568 1358 764 1401 remittit:
798 1357 886 1415 ipse
906 1356 1198 1399 cunctidomus
1218 1371 1342 1413 sopor

360 1437 446 1477 Sua
466 1433 602 1476 vincla
622 1433 758 1484 solvit,
774 1431 919 1490 nilque
938 1431 1144 1489 perpetuo
1164 1438 1290 1473 tenet.

867 1505 905 1548 8.
929 1505 1182 1549 Menander,

417 1583 509 1623 Lex
530 1597 596 1623 res
615 1580 783 1638 egregia
802 1586 886 1621 est:
918 1587 962 1621 at
982 1578 1056 1636 qui
1075 1577 1251 1621 nimium
1272 1576 1447 1634 respicit-

360 1657 498 1713 Leges
516 1653 806 1698 calumniantis
823 1668 1043 1711 personam
1062 1651 1212 1695 induit.

760 1786 779 1807 ⁰
798 1777 1102 1827 TITULUS
1136 1777 1293 1825 XLV.

613 1883 687 1920 DE
717 1881 1060 1920 POTENTfflUS
1089 1881 1149 1918 IN
1179 1881 1444 1920 CIVITATE.

881 1980 917 2008 1.
938 1967 1188 2024 Euripides.

421 2042 674 2099 Quicunque
693 2056 855 2099 pauper
875 2056 957 2083 aere
977 2040 1161 2083 violenta
1178 2055 1307 2083 manu
1340 2060 1342 2062 ·

362 2116 553 2158 Nimium
572 2115 687 2158 videt
705 2130 749 2156 se
768 2130 903 2172 posse,
923 2129 1008 2156 non
1028 2130 1071 2156 se
1090 2113 1275 2156 continet

362 2189 474 2242 Quin
495 2190 746 2247 impotenter
764 2197 902 2246 raptet
921 2187 1075 2230 alienas
1093 2203 1205 2246 opes.

832 2274 870 2305 2.
894 2261 1010 2303 Idem
1031 2262 1224 2311 Bacchis.

420 2335 659 2393 Opulentus
677 2344 806 2392 atque
824 2335 1035 2377 animosus
1054 2344 1096 2378 et
1115 2335 1232 2377 fandi
1251 2344 1414 2393 potens,

362 2410 420 2453 Ni
440 2409 586 2467 sapiat,
608 2410 704 2452 urbi
723 2409 824 2452 civis
843 2417 907 2452 est
925 2409 1047 2452 valde
1069 2409 1215 2452 malus.

840 2497 880 2540 3.
903 2484 1022 2526 Idem
1044 2485 1213 2527 Glauco.

422 2561 595 2613 Quoties
615 2560 806 2602 secundis
820 2560 948 2603 rebus
966 2560 1149 2603 exsultat
1169 2575 1333 2611 nocens,

362 2634 494 2676 Victae
513 2634 721 2677 bonorum
740 2633 952 2691 languidae
972 2642 1137 2693 mentes,
1143 2634 1299 2691 jacent,

365 2706 584 2765 Specimen
604 2715 768 2749 tuentes
787 2705 988 2764 improbae
1006 2705 1194 2749 licentiae.

409 2848 424 2866 ¹²
443 2843 540 2874 Refer
555 2843 595 2874 ad
609 2842 676 2875 Tit.
693 2843 812 2874 XLVI.
971 2849 986 2864 ⁰
998 2842 1130 2874 Poterat
1143 2841 1296 2883 conjungi
1313 2852 1387 2874 cum
1400 2841 1468 2875 Tit.
1482 2846 1649 2883 sequente.
