1780 3178
371 236 460 294 174'
798 229 1058 277 10ANN1s
1091 228 1329 277 sToBffl

367 349 504 399 Quam
524 346 631 389 male
651 354 855 388 moratam
875 343 973 387 dote
992 334 1143 386 fretam
1163 344 1327 402 dapsili,

367 421 476 464 Vitae
496 429 728 463 consortem
747 417 926 461 assiduae
945 410 1268 463 consuetudinis.

838 476 843 481 θ
874 503 910 534 2.
936 491 1188 533 Menamder.

423 569 521 610 Hoc
540 581 655 608 more
674 579 826 607 uxores
846 579 922 606 nos
941 571 1107 621 oportet
1127 551 1295 615 ducere,
1356 562 1357 565 ’

366 641 491 692 Quod
511 640 698 683 faustum
718 654 766 681 ae
785 637 886 680 felix
907 639 938 680 J
942 627 1113 695 uppit'er
1127 637 1309 695 magnus
1329 637 1448 686 duit;

364 717 478 767 Non,
501 723 550 758 ut
569 714 631 766 fit,
647 713 691 756 in
711 727 799 755 rem
818 711 937 754 nihili
957 706 1099 754 dotem
1119 711 1354 769 anquirere,

364 788 470 840 Quis
489 803 606 840 avus,
628 786 724 845 quis
741 785 835 829 avia
852 784 982 828 fuerit
1000 792 1199 842 nupturae
1218 784 1263 826 in
1283 785 1482 834 domum;

365 864 534 905 Interea
552 875 688 903 mores
709 860 814 917 ejus,
836 846 1007 916 quicum
1029 845 1077 899 tu
1098 857 1241 915 exigas

362 936 527 978 AEvum
546 949 683 985 omne,
704 918 789 974 non
807 931 1024 989 inspicere,
1045 945 1131 973 non
1149 931 1433 990 perpendere3

361 1011 431 1052 Ac
451 1009 592 1051 dotem
611 1007 656 1050 in
674 1021 817 1049 mensa
834 1020 1004 1063 ponere,
1026 1013 1076 1046 ut
1095 1019 1290 1048 nummos
1309 1005 1432 1064 probi

364 1083 471 1136 Sint,
491 1081 739 1140 improbine,
760 1079 951 1138 exploret
969 1066 1246 1136 argentarius,
1278 1081 1279 1084 ’

362 1157 522 1210 Quinto
540 1164 637 1213 post
650 1168 791 1197 mense
810 1168 895 1195 non
914 1166 1132 1195 mansuros
1149 1152 1193 1194 in
1212 1152 1321 1194 lare:

362 1232 428 1273 At
445 1229 573 1281 illam,
596 1242 704 1285 quae;
713 1226 885 1269 domum
906 1223 1114 1267 obsidebit
1134 1223 1356 1282 perpetim,

362 1304 462 1345 Non
482 1298 741 1360 exploratam
756 1297 936 1361 fortuito
956 1311 1135 1348 sumere,

363 1374 632 1425 Iracundam,
652 1371 975 1429 immorigeram,
997 1369 1031 1412 si
1050 1383 1170 1411 casus
1188 1369 1310 1421 ferat,

361 1450 542 1500 Duram,
562 1447 792 1504 loquacem.
838 1443 952 1486 Mihi
972 1451 1053 1485 stat
1072 1442 1237 1486 animus
1256 1442 1409 1484 ducere

360 1523 517 1564 Natam
535 1535 611 1578 per
631 1519 794 1561 urbem.
845 1516 890 1560 Si
910 1515 1005 1574 quis
1023 1515 1132 1558 hanc
1149 1515 1362 1573 propriam
1381 1514 1519 1572 cupit,
1596 1539 1599 1541 -

360 1594 511 1642 Dicat3
544 1592 618 1635 sed
636 1591 835 1643 monitus,
857 1598 1066 1647 quantum
1086 1589 1130 1630 in
1150 1604 1193 1631 se
1212 1596 1393 1631 accersat
1412 1582 1610 1631 malum(
1636 1577 1640 1580 ⁶
1671 1586 1677 1616 ἵ

362 1668 474 1710 Nam
493 1666 597 1723 quin
616 1665 775 1707 malum
795 1664 848 1707 sit
866 1663 1032 1715 mulier,
1053 1662 1176 1705 vitari
1195 1661 1311 1705 haud
1329 1670 1482 1720 potest,

362 1742 426 1783 At
444 1740 513 1783 ille
532 1740 647 1792 felix,
669 1738 841 1781 minimo
860 1737 935 1796 qui
954 1737 1213 1795 defungitur.
1283 1752 1286 1755 “
1331 1747 1333 1749 ·
1491 1739 1494 1742 ’

716 1810 1013 1869 3μΕαφ-’Ψὶἀε3
1031 1810 1332 1854 Andromache.

418 1885 629 1943 Conjugia
647 1885 681 1927 si
700 1884 942 1942 quaerenda,
963 1898 1165 1942 generosa
1181 1883 1344 1927 indoles

361 1959 597 2017 Spectanda
616 1973 740 2001 sexus
758 1957 978 2015 utriusque
997 1957 1040 2000 in
1059 1946 1219 2000 foedere
1237 1966 1311 2000 est.

360 2031 483 2074 Foedi
502 2031 658 2088 cupido
676 2030 794 2073 nulla
813 2032 864 2073 te‘
875 2016 1016 2073 teneat
1035 2016 1131 2082 tori,
1151 2016 1171 2035 Ἰ

359 2106 450 2148 Nec
469 2106 503 2147 si
521 2104 590 2146 ille
610 2112 720 2147 totos
738 2104 890 2161 opibus
908 2104 1101 2161 impleret
1119 2103 1241 2145 lares,

821 2178 873 2218 ⁷4.
896 2176 1016 2219 Idem
1030 2176 1217 2234 Cressis.

412 2251 445 2293 J
446 2264 514 2293 am
533 2249 689 2301 ducite,
708 2249 896 2307 inquam,
918 2248 1059 2292 ducite
1078 2262 1231 2294 uxores
1249 2247 1438 2299 domum,

357 2322 522 2382 Nempe
541 2333 591 2367 ut
609 2339 770 2367 veneno
787 2324 909 2367 liceat
927 2333 1003 2367 aut
1021 2322 1172 2366 fraude
1191 2322 1334 2365 emori.

358 2390 524 2440 Stultus
542 2396 730 2454 profecto
749 2397 824 2454 qui
844 2396 996 2438 malam
1016 2404 1135 2453 optat
1153 2395 1376 2453 conjugem

356 2473 442 2514 Pro
462 2471 663 2529 sanguine
682 2479 757 2513 aut
775 2486 853 2529 pro
872 2470 993 2513 dote:
1025 2485 1122 2512 cum
1142 2484 1314 2527 magnas
1332 2483 1432 2527 opes

356 2545 548 2587 Fortuna
568 2552 735 2601 superet
753 2542 918 2586 modica
935 2540 1042 2585 bene
1061 2542 1165 2585 culti
1179 2541 1285 2584 laris.

866 2628 907 2671 5.
929 2614 1181 2673 Hipponax.

414 2688 512 2729 Sors
531 2687 772 2745 nuptiarum
792 2686 930 2730 fausta
948 2686 1147 2745 prudenti
1166 2686 1271 2738 viro,

356 2761 500 2803 Mores
519 2761 649 2804 bonos
669 2776 766 2805 cum
786 2761 964 2819 conjuge
983 2751 1167 2818 accipere
1186 2761 1230 2803 in
1249 2758 1433 2803 domum.
