<?xml version="1.0" encoding="UTF-8"?>
<!DOCTYPE html PUBLIC "-//W3C//DTD XHTML 1.0 Transitional//EN"
    "http://www.w3.org/TR/xhtml1/DTD/xhtml1-transitional.dtd">
<html xmlns="http://www.w3.org/1999/xhtml" xml:lang="en" lang="en">
 <head>
  <title>
</title>
<meta http-equiv="Content-Type" content="text/html;charset=utf-8" />
  <meta name='ocr-system' content='tesseract 3.04.00' />
  <meta name='ocr-capabilities' content='ocr_page ocr_carea ocr_par ocr_line ocrx_word'/>
</head>
<body>
  <div class='ocr_page' id='page_1' title='image "./iannoustovaiouan04stovuoft_0190.png"; bbox 0 0 1780 3178; ppageno 0'>
   <div class='ocr_carea' id='block_1_1' title="bbox 334 247 1264 295">
    <p class='ocr_par' dir='ltr' id='par_1_1' title="bbox 334 247 1264 295">
     <span class='ocr_line' id='line_1_1' title="bbox 334 247 1264 295; baseline -0.005 0"><span class='ocrx_word' id='word_1_1' title='bbox 334 253 413 295; x_wconf 85' lang='lat'><strong>182</strong></span> <span class='ocrx_word' id='word_1_2' title='bbox 730 247 992 292; x_wconf 88' lang='lat' dir='ltr'><strong>IOANNIS</strong></span> <span class='ocrx_word' id='word_1_3' title='bbox 1023 247 1264 291; x_wconf 86' lang='lat' dir='ltr'>STOBAEI</span> 
     </span>
    </p>
   </div>
   <div class='ocr_carea' id='block_1_2' title="bbox 331 355 1327 710">
    <p class='ocr_par' dir='ltr' id='par_1_2' title="bbox 331 355 1327 710">
     <span class='ocr_line' id='line_1_2' title="bbox 331 355 1201 417; baseline -0.005 -15"><span class='ocrx_word' id='word_1_4' title='bbox 331 361 542 417; x_wconf 86' lang='lat' dir='ltr'><strong>Magnum</strong></span> <span class='ocrx_word' id='word_1_5' title='bbox 562 357 767 400; x_wconf 85' lang='lat' dir='ltr'><strong>malorum</strong></span> <span class='ocrx_word' id='word_1_6' title='bbox 787 356 972 415; x_wconf 79' lang='lat' dir='ltr'><strong>repperit</strong></span> <span class='ocrx_word' id='word_1_7' title='bbox 991 355 1201 409; x_wconf 83' lang='lat' dir='ltr'><strong>solatium,</strong></span> 
     </span>
     <span class='ocr_line' id='line_1_3' title="bbox 332 429 1311 488; baseline -0.004 -12"><span class='ocrx_word' id='word_1_8' title='bbox 332 435 523 476; x_wconf 82' lang='lat' dir='ltr'><strong>Uxorem</strong></span> <span class='ocrx_word' id='word_1_9' title='bbox 542 432 700 476; x_wconf 85' lang='lat' dir='ltr'><strong>interea</strong></span> <span class='ocrx_word' id='word_1_10' title='bbox 720 430 919 488; x_wconf 86' lang='lat' dir='ltr'><strong>temporis</strong></span> <span class='ocrx_word' id='word_1_11' title='bbox 938 429 1055 487; x_wconf 92' lang='lat' dir='ltr'><strong>quod</strong></span> <span class='ocrx_word' id='word_1_12' title='bbox 1075 445 1159 472; x_wconf 88' lang='lat' dir='ltr'><strong>non</strong></span> <span class='ocrx_word' id='word_1_13' title='bbox 1178 429 1311 472; x_wconf 85' lang='lat' dir='ltr'><strong>videt.</strong></span> 
     </span>
     <span class='ocr_line' id='line_1_4' title="bbox 420 504 1160 562; baseline -0.004 -14"><span class='ocrx_word' id='word_1_14' title='bbox 420 509 423 511; x_wconf 80' lang='grc'><strong>’</strong></span> <span class='ocrx_word' id='word_1_15' title='bbox 843 517 916 562; x_wconf 84' lang='lat'><strong>53.</strong></span> <span class='ocrx_word' id='word_1_16' title='bbox 934 504 1160 547; x_wconf 71' lang='lat' dir='ltr'><strong><em>Philiscus.</em></strong></span> 
     </span>
     <span class='ocr_line' id='line_1_5' title="bbox 391 576 1327 636; baseline -0.002 -14"><span class='ocrx_word' id='word_1_17' title='bbox 391 580 460 622; x_wconf 89' lang='lat' dir='ltr'><strong>Ad</strong></span> <span class='ocrx_word' id='word_1_18' title='bbox 479 589 631 621; x_wconf 88' lang='lat' dir='ltr'><strong>cuncta</strong></span> <span class='ocrx_word' id='word_1_19' title='bbox 649 576 942 636; x_wconf 82' lang='lat' dir='ltr'><strong>persuadenda</strong></span> <span class='ocrx_word' id='word_1_20' title='bbox 960 591 1057 634; x_wconf 85' lang='lat' dir='ltr'><strong>quae</strong></span> <span class='ocrx_word' id='word_1_21' title='bbox 1076 576 1189 619; x_wconf 85' lang='lat' dir='ltr'><strong>credi</strong></span> <span class='ocrx_word' id='word_1_22' title='bbox 1209 577 1327 635; x_wconf 83' lang='lat' dir='ltr'><strong>cupit</strong></span> 
     </span>
     <span class='ocr_line' id='line_1_6' title="bbox 337 649 1199 710; baseline -0.006 -14"><span class='ocrx_word' id='word_1_23' title='bbox 337 654 482 696; x_wconf 86' lang='lat' dir='ltr'>Habet</span> <span class='ocrx_word' id='word_1_24' title='bbox 499 651 710 710; x_wconf 82' lang='lat' dir='ltr'>loquelam</span> <span class='ocrx_word' id='word_1_25' title='bbox 730 651 862 693; x_wconf 84' lang='lat' dir='ltr'><strong>lectus</strong></span> <span class='ocrx_word' id='word_1_26' title='bbox 880 649 1199 708; x_wconf 83' lang='lat' dir='ltr'><strong>impetrabilem.</strong></span> 
     </span>
    </p>
   </div>
   <div class='ocr_carea' id='block_1_3' title="bbox 843 725 1174 782">
    <p class='ocr_par' dir='ltr' id='par_1_3' title="bbox 843 725 1174 782">
     <span class='ocr_line' id='line_1_7' title="bbox 843 725 1174 782; baseline 0.006 -17"><span class='ocrx_word' id='word_1_27' title='bbox 843 735 915 782; x_wconf 87' lang='lat'><strong>54.</strong></span> <span class='ocrx_word' id='word_1_28' title='bbox 937 725 1174 782; x_wconf 72' lang='lat' dir='ltr'><strong>Sophocles.</strong></span> 
     </span>
    </p>
   </div>
   <div class='ocr_carea' id='block_1_4' title="bbox 299 797 1691 2775">
    <p class='ocr_par' dir='ltr' id='par_1_4' title="bbox 394 797 1287 858">
     <span class='ocr_line' id='line_1_8' title="bbox 394 797 1287 858; baseline -0.002 -16"><span class='ocrx_word' id='word_1_29' title='bbox 394 800 539 852; x_wconf 76' lang='lat' dir='ltr'><strong>virile,</strong></span> <span class='ocrx_word' id='word_1_30' title='bbox 562 799 725 858; x_wconf 85' lang='lat' dir='ltr'><strong>sapiens</strong></span> <span class='ocrx_word' id='word_1_31' title='bbox 744 798 918 841; x_wconf 86' lang='lat' dir='ltr'><strong>foemina</strong></span> <span class='ocrx_word' id='word_1_32' title='bbox 935 798 979 840; x_wconf 88' lang='lat' dir='ltr'><strong>in</strong></span> <span class='ocrx_word' id='word_1_33' title='bbox 999 797 1130 840; x_wconf 87' lang='lat' dir='ltr'><strong>vidua</strong></span> <span class='ocrx_word' id='word_1_34' title='bbox 1148 798 1287 840; x_wconf 90' lang='lat' dir='ltr'><strong>domo.</strong></span> 
     </span>
    </p>

    <p class='ocr_par' dir='ltr' id='par_1_5' title="bbox 299 872 1416 1078">
     <span class='ocr_line' id='line_1_9' title="bbox 741 872 1332 929; baseline -0.002 -16"><span class='ocrx_word' id='word_1_35' title='bbox 741 881 811 928; x_wconf 83' lang='lat'><strong>55.</strong></span> <span class='ocrx_word' id='word_1_36' title='bbox 827 872 1066 929; x_wconf 71' lang='lat' dir='ltr'><strong>Euripides</strong></span> <span class='ocrx_word' id='word_1_37' title='bbox 1081 872 1332 929; x_wconf 55' lang='lat' dir='ltr'><strong>Hsppobyto</strong></span> 
     </span>
     <span class='ocr_line' id='line_1_10' title="bbox 299 945 1416 1004; baseline -0.002 -15"><span class='ocrx_word' id='word_1_38' title='bbox 299 981 307 988; x_wconf 70' lang='grc'>,</span> <span class='ocrx_word' id='word_1_39' title='bbox 397 947 462 989; x_wconf 89' lang='lat' dir='ltr'><strong>Ut</strong></span> <span class='ocrx_word' id='word_1_40' title='bbox 482 961 626 1004; x_wconf 85' lang='lat' dir='ltr'><strong>sapere</strong></span> <span class='ocrx_word' id='word_1_41' title='bbox 643 961 795 1003; x_wconf 85' lang='lat' dir='ltr'><strong>pergas</strong></span> <span class='ocrx_word' id='word_1_42' title='bbox 813 956 978 997; x_wconf 75' lang='lat' dir='ltr'><strong>moneo,</strong></span> <span class='ocrx_word' id='word_1_43' title='bbox 1001 946 1197 987; x_wconf 82' lang='lat' dir='ltr'><strong>Theseu:</strong></span> <span class='ocrx_word' id='word_1_44' title='bbox 1230 945 1416 987; x_wconf 84' lang='lat' dir='ltr'><strong>foeminae</strong></span> 
     </span>
     <span class='ocr_line' id='line_1_11' title="bbox 342 1019 1288 1078; baseline -0.002 -14"><span class='ocrx_word' id='word_1_45' title='bbox 342 1021 544 1073; x_wconf 81' lang='lat' dir='ltr'><strong>Quamvis</strong></span> <span class='ocrx_word' id='word_1_46' title='bbox 563 1020 753 1078; x_wconf 82' lang='lat' dir='ltr'><strong>loquenti</strong></span> <span class='ocrx_word' id='word_1_47' title='bbox 771 1035 884 1072; x_wconf 87' lang='lat' dir='ltr'><strong>vera,</strong></span> <span class='ocrx_word' id='word_1_48' title='bbox 906 1019 966 1062; x_wconf 67' lang='lat' dir='ltr'><strong>nil</strong></span> <span class='ocrx_word' id='word_1_49' title='bbox 986 1019 1131 1062; x_wconf 80' lang='lat' dir='ltr'><strong>credas</strong></span> <span class='ocrx_word' id='word_1_50' title='bbox 1149 1019 1288 1062; x_wconf 79' lang='lat' dir='ltr'><strong>velim.</strong></span> 
     </span>
    </p>

    <p class='ocr_par' dir='ltr' id='par_1_6' title="bbox 688 1093 1334 1151">
     <span class='ocr_line' id='line_1_12' title="bbox 688 1093 1334 1151; baseline -0.002 -16"><span class='ocrx_word' id='word_1_51' title='bbox 688 1094 757 1150; x_wconf 86' lang='lat'><strong>56.</strong></span> <span class='ocrx_word' id='word_1_52' title='bbox 775 1093 1018 1136; x_wconf 76' lang='lat' dir='ltr'><strong>Menander</strong></span> <span class='ocrx_word' id='word_1_53' title='bbox 1038 1094 1334 1151; x_wconf 69' lang='lat' dir='ltr'><strong>Supposititio.</strong></span> 
     </span>
    </p>

    <p class='ocr_par' dir='ltr' id='par_1_7' title="bbox 401 1166 1325 1224">
     <span class='ocr_line' id='line_1_13' title="bbox 401 1166 1325 1224; baseline -0.001 -15"><span class='ocrx_word' id='word_1_54' title='bbox 401 1168 533 1210; x_wconf 88' lang='lat' dir='ltr'><strong>Terra</strong></span> <span class='ocrx_word' id='word_1_55' title='bbox 551 1166 742 1224; x_wconf 82' lang='lat' dir='ltr'><strong>marique</strong></span> <span class='ocrx_word' id='word_1_56' title='bbox 761 1182 858 1209; x_wconf 90' lang='lat' dir='ltr'><strong>cum</strong></span> <span class='ocrx_word' id='word_1_57' title='bbox 879 1175 942 1209; x_wconf 84' lang='lat' dir='ltr'><strong>tot</strong></span> <span class='ocrx_word' id='word_1_58' title='bbox 961 1166 1191 1224; x_wconf 77' lang='lat' dir='ltr'><strong>gignantur</strong></span> <span class='ocrx_word' id='word_1_59' title='bbox 1209 1166 1325 1218; x_wconf 83' lang='lat' dir='ltr'><strong>ferae,</strong></span> 
     </span>
    </p>

    <p class='ocr_par' dir='ltr' id='par_1_8' title="bbox 346 1239 1302 1373">
     <span class='ocr_line' id='line_1_14' title="bbox 346 1239 1302 1285; baseline -0.002 -1"><span class='ocrx_word' id='word_1_60' title='bbox 346 1243 439 1285; x_wconf 86' lang='lat' dir='ltr'><strong>Has</strong></span> <span class='ocrx_word' id='word_1_61' title='bbox 459 1242 567 1284; x_wconf 86' lang='lat' dir='ltr'><strong>inter</strong></span> <span class='ocrx_word' id='word_1_62' title='bbox 585 1257 728 1284; x_wconf 90' lang='lat' dir='ltr'><strong>omnes</strong></span> <span class='ocrx_word' id='word_1_63' title='bbox 748 1239 932 1284; x_wconf 62' lang='lat' dir='ltr'><strong>maizima</strong></span> <span class='ocrx_word' id='word_1_64' title='bbox 951 1251 1014 1283; x_wconf 85' lang='lat' dir='ltr'><strong>est</strong></span> <span class='ocrx_word' id='word_1_65' title='bbox 1033 1240 1183 1283; x_wconf 88' lang='lat' dir='ltr'><strong>mulier</strong></span> <span class='ocrx_word' id='word_1_66' title='bbox 1201 1240 1302 1283; x_wconf 80' lang='lat' dir='ltr'><strong>fera.</strong></span> 
     </span>
     <span class='ocr_line' id='line_1_15' title="bbox 731 1315 1292 1373; baseline 0.002 -17"><span class='ocrx_word' id='word_1_67' title='bbox 731 1326 802 1372; x_wconf 84' lang='lat'><strong>57.</strong></span> <span class='ocrx_word' id='word_1_68' title='bbox 823 1316 1061 1373; x_wconf 69' lang='lat' dir='ltr'><strong>Euripides</strong></span> <span class='ocrx_word' id='word_1_69' title='bbox 1082 1315 1292 1357; x_wconf 75' lang='lat' dir='ltr'><strong>Phoenice.</strong></span> 
     </span>
    </p>

    <p class='ocr_par' dir='ltr' id='par_1_9' title="bbox 404 1388 1459 1432">
     <span class='ocr_line' id='line_1_16' title="bbox 404 1388 1459 1432; baseline -0.001 0"><span class='ocrx_word' id='word_1_70' title='bbox 404 1389 566 1432; x_wconf 84' lang='lat' dir='ltr'><strong>Mulier</strong></span> <span class='ocrx_word' id='word_1_71' title='bbox 583 1388 791 1432; x_wconf 85' lang='lat' dir='ltr'><strong>malorum</strong></span> <span class='ocrx_word' id='word_1_72' title='bbox 810 1398 874 1432; x_wconf 85' lang='lat' dir='ltr'><strong>est</strong></span> <span class='ocrx_word' id='word_1_73' title='bbox 892 1389 1082 1432; x_wconf 89' lang='lat' dir='ltr'><strong>omnium</strong></span> <span class='ocrx_word' id='word_1_74' title='bbox 1102 1388 1459 1432; x_wconf 57' lang='lat' dir='ltr'><strong>immanissimum?</strong></span> 
     </span>
    </p>

    <p class='ocr_par' dir='ltr' id='par_1_10' title="bbox 354 1464 1625 1888">
     <span class='ocr_line' id='line_1_17' title="bbox 495 1464 1189 1525; baseline 0 -19"><span class='ocrx_word' id='word_1_75' title='bbox 495 1520 504 1525; x_wconf 31' lang='grc' dir='ltr'><strong>Α</strong></span> <span class='ocrx_word' id='word_1_76' title='bbox 841 1464 912 1519; x_wconf 83' lang='lat'><strong>58.</strong></span> <span class='ocrx_word' id='word_1_77' title='bbox 935 1464 1189 1506; x_wconf 63' lang='lat' dir='ltr'><strong>Menander.</strong></span> 
     </span>
     <span class='ocr_line' id='line_1_18' title="bbox 405 1525 1625 1595; baseline -0.002 -16"><span class='ocrx_word' id='word_1_78' title='bbox 405 1537 663 1595; x_wconf 86' lang='lat' dir='ltr'><strong>Ubicunque</strong></span> <span class='ocrx_word' id='word_1_79' title='bbox 684 1525 745 1580; x_wconf 58' lang='lat' dir='ltr'><strong>eat</strong></span> <span class='ocrx_word' id='word_1_80' title='bbox 765 1537 930 1589; x_wconf 86' lang='lat' dir='ltr'><strong>mulier,</strong></span> <span class='ocrx_word' id='word_1_81' title='bbox 950 1537 1008 1580; x_wconf 88' lang='lat' dir='ltr'><strong>ibi</strong></span> <span class='ocrx_word' id='word_1_82' title='bbox 1029 1537 1235 1579; x_wconf 82' lang='lat' dir='ltr'><strong>malorum</strong></span> <span class='ocrx_word' id='word_1_83' title='bbox 1257 1551 1380 1580; x_wconf 87' lang='lat' dir='ltr'><strong>omne</strong></span> <span class='ocrx_word' id='word_1_84' title='bbox 1399 1543 1462 1579; x_wconf 86' lang='lat' dir='ltr'><strong>est</strong></span> <span class='ocrx_word' id='word_1_85' title='bbox 1480 1550 1625 1594; x_wconf 85' lang='lat' dir='ltr'><strong>genus.</strong></span> 
     </span>
     <span class='ocr_line' id='line_1_19' title="bbox 873 1612 1167 1667; baseline 0 -16"><span class='ocrx_word' id='word_1_86' title='bbox 873 1620 943 1667; x_wconf 85' lang='lat'><strong>59.</strong></span> <span class='ocrx_word' id='word_1_87' title='bbox 961 1612 1167 1653; x_wconf 73' lang='lat' dir='ltr'><strong>Incertus.</strong></span> 
     </span>
     <span class='ocr_line' id='line_1_20' title="bbox 899 1683 1238 1734; baseline 0 -9"><span class='ocrx_word' id='word_1_88' title='bbox 899 1730 903 1734; x_wconf 19' lang='lat'><strong>⁴</strong></span> <span class='ocrx_word' id='word_1_89' title='bbox 1044 1683 1238 1726; x_wconf 85' lang='lat' dir='ltr'><strong>Foemina</strong></span> 
     </span>
     <span class='ocr_line' id='line_1_21' title="bbox 354 1757 1378 1815; baseline -0.002 -13"><span class='ocrx_word' id='word_1_90' title='bbox 354 1759 487 1802; x_wconf 83' lang='lat' dir='ltr'><strong>Haud</strong></span> <span class='ocrx_word' id='word_1_91' title='bbox 507 1758 628 1801; x_wconf 86' lang='lat' dir='ltr'><strong>facile</strong></span> <span class='ocrx_word' id='word_1_92' title='bbox 648 1773 796 1805; x_wconf 85' lang='lat' dir='ltr'><strong>verum</strong></span> <span class='ocrx_word' id='word_1_93' title='bbox 817 1767 866 1800; x_wconf 90' lang='lat' dir='ltr'><strong>ut</strong></span> <span class='ocrx_word' id='word_1_94' title='bbox 886 1757 1000 1800; x_wconf 81' lang='lat' dir='ltr'><strong>dicat</strong></span> <span class='ocrx_word' id='word_1_95' title='bbox 1018 1773 1045 1800; x_wconf 86' lang='lat' dir='ltr'><strong>a</strong></span> <span class='ocrx_word' id='word_1_96' title='bbox 1064 1773 1151 1799; x_wconf 86' lang='lat' dir='ltr'><strong>sese</strong></span> <span class='ocrx_word' id='word_1_97' title='bbox 1169 1757 1378 1815; x_wconf 85' lang='lat' dir='ltr'><strong>impetret.</strong></span> 
     </span>
     <span class='ocr_line' id='line_1_22' title="bbox 847 1831 1198 1888; baseline -0.006 -15"><span class='ocrx_word' id='word_1_98' title='bbox 847 1832 916 1873; x_wconf 91' lang='lat'><strong>60.</strong></span> <span class='ocrx_word' id='word_1_99' title='bbox 939 1831 1198 1888; x_wconf 60' lang='lat' dir='ltr'><strong>Phaylides.</strong></span> 
     </span>
    </p>

    <p class='ocr_par' dir='ltr' id='par_1_11' title="bbox 355 1903 1691 2479">
     <span class='ocr_line' id='line_1_23' title="bbox 410 1903 1682 1963; baseline -0.002 -15"><span class='ocrx_word' id='word_1_100' title='bbox 410 1907 519 1948; x_wconf 86' lang='lat' dir='ltr'><strong>Haec</strong></span> <span class='ocrx_word' id='word_1_101' title='bbox 538 1921 708 1963; x_wconf 91' lang='lat' dir='ltr'><strong>quoque</strong></span> <span class='ocrx_word' id='word_1_102' title='bbox 729 1903 996 1962; x_wconf 81' lang='lat' dir='ltr'><strong>Phocylidae:</strong></span> <span class='ocrx_word' id='word_1_103' title='bbox 1031 1904 1179 1947; x_wconf 87' lang='lat' dir='ltr'><strong>Rebus</strong></span> <span class='ocrx_word' id='word_1_104' title='bbox 1198 1904 1251 1946; x_wconf 90' lang='lat' dir='ltr'><strong>de</strong></span> <span class='ocrx_word' id='word_1_105' title='bbox 1270 1913 1473 1962; x_wconf 90' lang='lat' dir='ltr'><strong>quattuor</strong></span> <span class='ocrx_word' id='word_1_106' title='bbox 1491 1913 1631 1947; x_wconf 90' lang='lat' dir='ltr'><strong>ortum</strong></span> <span class='ocrx_word' id='word_1_107' title='bbox 1679 1955 1682 1958; x_wconf 14' lang='grc' dir='ltr'><strong>ψ</strong></span> 
     </span>
     <span class='ocr_line' id='line_1_24' title="bbox 355 1978 1691 2037; baseline -0.001 -15"><span class='ocrx_word' id='word_1_108' title='bbox 355 1980 472 2023; x_wconf 80' lang='lat' dir='ltr'><strong>Gens</strong></span> <span class='ocrx_word' id='word_1_109' title='bbox 490 1979 706 2021; x_wconf 86' lang='lat' dir='ltr'><strong>muliebris</strong></span> <span class='ocrx_word' id='word_1_110' title='bbox 725 1978 865 2021; x_wconf 86' lang='lat' dir='ltr'><strong>habet.</strong></span> <span class='ocrx_word' id='word_1_111' title='bbox 912 1979 1024 2020; x_wconf 86' lang='lat' dir='ltr'><strong>Nam</strong></span> <span class='ocrx_word' id='word_1_112' title='bbox 1044 1994 1143 2036; x_wconf 84' lang='lat' dir='ltr'><strong>pars</strong></span> <span class='ocrx_word' id='word_1_113' title='bbox 1162 1993 1277 2031; x_wconf 82' lang='lat' dir='ltr'><strong>cane,</strong></span> <span class='ocrx_word' id='word_1_114' title='bbox 1293 1994 1391 2037; x_wconf 89' lang='lat' dir='ltr'><strong>pars</strong></span> <span class='ocrx_word' id='word_1_115' title='bbox 1409 1994 1489 2036; x_wconf 86' lang='lat' dir='ltr'><strong>ape</strong></span> <span class='ocrx_word' id='word_1_116' title='bbox 1502 1986 1602 2021; x_wconf 82' lang='lat' dir='ltr'><strong>nata</strong></span> <span class='ocrx_word' id='word_1_117' title='bbox 1614 1986 1691 2031; x_wconf 82' lang='lat' dir='ltr'><strong>est,</strong></span> 
     </span>
     <span class='ocr_line' id='line_1_25' title="bbox 355 2051 1641 2110; baseline -0.001 -15"><span class='ocrx_word' id='word_1_118' title='bbox 355 2055 460 2095; x_wconf 88' lang='lat' dir='ltr'><strong>Pars</strong></span> <span class='ocrx_word' id='word_1_119' title='bbox 479 2069 567 2105; x_wconf 84' lang='lat' dir='ltr'><strong>sue,</strong></span> <span class='ocrx_word' id='word_1_120' title='bbox 589 2068 685 2110; x_wconf 90' lang='lat' dir='ltr'><strong>pars</strong></span> <span class='ocrx_word' id='word_1_121' title='bbox 704 2060 747 2094; x_wconf 88' lang='lat' dir='ltr'><strong>et</strong></span> <span class='ocrx_word' id='word_1_122' title='bbox 765 2068 885 2109; x_wconf 88' lang='lat' dir='ltr'><strong>equa.</strong></span> <span class='ocrx_word' id='word_1_123' title='bbox 940 2051 1024 2094; x_wconf 86' lang='lat' dir='ltr'><strong>Sed</strong></span> <span class='ocrx_word' id='word_1_124' title='bbox 1043 2067 1171 2109; x_wconf 83' lang='lat' dir='ltr'><strong>quam</strong></span> <span class='ocrx_word' id='word_1_125' title='bbox 1189 2051 1405 2109; x_wconf 88' lang='lat' dir='ltr'><strong>generavit</strong></span> <span class='ocrx_word' id='word_1_126' title='bbox 1424 2067 1545 2109; x_wconf 84' lang='lat' dir='ltr'><strong>equae</strong></span> <span class='ocrx_word' id='word_1_127' title='bbox 1563 2052 1641 2105; x_wconf 86' lang='lat' dir='ltr'><strong>vis,</strong></span> 
     </span>
     <span class='ocr_line' id='line_1_26' title="bbox 358 2124 1442 2183; baseline -0.002 -15"><span class='ocrx_word' id='word_1_128' title='bbox 358 2126 577 2169; x_wconf 84' lang='lat' dir='ltr'><strong>Foecunda</strong></span> <span class='ocrx_word' id='word_1_129' title='bbox 596 2135 672 2177; x_wconf 90' lang='lat' dir='ltr'><strong>est,</strong></span> <span class='ocrx_word' id='word_1_130' title='bbox 694 2125 828 2183; x_wconf 85' lang='lat' dir='ltr'><strong>agilis,</strong></span> <span class='ocrx_word' id='word_1_131' title='bbox 849 2140 972 2182; x_wconf 84' lang='lat' dir='ltr'><strong>vaga,</strong></span> <span class='ocrx_word' id='word_1_132' title='bbox 992 2124 1289 2167; x_wconf 79' lang='lat' dir='ltr'><strong>formosissima</strong></span> <span class='ocrx_word' id='word_1_133' title='bbox 1307 2125 1442 2167; x_wconf 89' lang='lat' dir='ltr'><strong>vultu.</strong></span> 
     </span>
     <span class='ocr_line' id='line_1_27' title="bbox 358 2198 1576 2258; baseline 0.001 -16"><span class='ocrx_word' id='word_1_134' title='bbox 358 2202 428 2242; x_wconf 88' lang='lat' dir='ltr'><strong>De</strong></span> <span class='ocrx_word' id='word_1_135' title='bbox 447 2216 521 2242; x_wconf 88' lang='lat' dir='ltr'><strong>sue</strong></span> <span class='ocrx_word' id='word_1_136' title='bbox 540 2215 638 2257; x_wconf 84' lang='lat' dir='ltr'><strong>quae</strong></span> <span class='ocrx_word' id='word_1_137' title='bbox 658 2199 802 2257; x_wconf 85' lang='lat' dir='ltr'><strong>genita</strong></span> <span class='ocrx_word' id='word_1_138' title='bbox 820 2207 897 2250; x_wconf 84' lang='lat' dir='ltr'><strong>est,</strong></span> <span class='ocrx_word' id='word_1_139' title='bbox 918 2198 1027 2240; x_wconf 85' lang='lat' dir='ltr'><strong>inter</strong></span> <span class='ocrx_word' id='word_1_140' title='bbox 1045 2213 1304 2256; x_wconf 82' lang='lat' dir='ltr'><strong>pravamque</strong></span> <span class='ocrx_word' id='word_1_141' title='bbox 1322 2199 1576 2258; x_wconf 86' lang='lat' dir='ltr'><strong>bonamque,</strong></span> 
     </span>
     <span class='ocr_line' id='line_1_28' title="bbox 359 2272 1500 2331; baseline 0 -15"><span class='ocrx_word' id='word_1_142' title='bbox 359 2275 485 2316; x_wconf 86' lang='lat' dir='ltr'><strong>Trux</strong></span> <span class='ocrx_word' id='word_1_143' title='bbox 506 2282 548 2316; x_wconf 89' lang='lat' dir='ltr'><strong>et</strong></span> <span class='ocrx_word' id='word_1_144' title='bbox 567 2273 756 2315; x_wconf 80' lang='lat' dir='ltr'><strong>difficilis.</strong></span> <span class='ocrx_word' id='word_1_145' title='bbox 800 2274 915 2324; x_wconf 28' lang='lat' dir='ltr'><strong>‘Quae</strong></span> <span class='ocrx_word' id='word_1_146' title='bbox 935 2272 989 2315; x_wconf 88' lang='lat' dir='ltr'><strong>de</strong></span> <span class='ocrx_word' id='word_1_147' title='bbox 1009 2287 1124 2325; x_wconf 88' lang='lat' dir='ltr'><strong>cane,</strong></span> <span class='ocrx_word' id='word_1_148' title='bbox 1145 2288 1278 2331; x_wconf 84' lang='lat' dir='ltr'><strong>gnara</strong></span> <span class='ocrx_word' id='word_1_149' title='bbox 1294 2273 1500 2326; x_wconf 87' lang='lat' dir='ltr'><strong>laborum,</strong></span> 
     </span>
     <span class='ocr_line' id='line_1_29' title="bbox 360 2340 1495 2404; baseline 0.002 -15"><span class='ocrx_word' id='word_1_150' title='bbox 360 2347 470 2390; x_wconf 88' lang='lat' dir='ltr'><strong>Fida</strong></span> <span class='ocrx_word' id='word_1_151' title='bbox 489 2347 640 2389; x_wconf 90' lang='lat' dir='ltr'><strong>domus</strong></span> <span class='ocrx_word' id='word_1_152' title='bbox 658 2340 808 2389; x_wconf 66' lang='lat' dir='ltr'><strong>custos.</strong></span> <span class='ocrx_word' id='word_1_153' title='bbox 859 2348 959 2404; x_wconf 89' lang='lat' dir='ltr'><strong>Ape</strong></span> <span class='ocrx_word' id='word_1_154' title='bbox 977 2362 1076 2404; x_wconf 86' lang='lat' dir='ltr'><strong>quae</strong></span> <span class='ocrx_word' id='word_1_155' title='bbox 1095 2346 1244 2390; x_wconf 83' lang='lat' dir='ltr'><strong>solerte</strong></span> <span class='ocrx_word' id='word_1_156' title='bbox 1263 2356 1401 2390; x_wconf 84' lang='lat' dir='ltr'><strong>creata</strong></span> <span class='ocrx_word' id='word_1_157' title='bbox 1419 2358 1495 2400; x_wconf 66' lang='lat' dir='ltr'><strong>aet,</strong></span> 
     </span>
     <span class='ocr_line' id='line_1_30' title="bbox 361 2419 1372 2479; baseline 0 -16"><span class='ocrx_word' id='word_1_158' title='bbox 361 2422 487 2463; x_wconf 88' lang='lat' dir='ltr'><strong>Hanc</strong></span> <span class='ocrx_word' id='word_1_159' title='bbox 506 2420 678 2463; x_wconf 64' lang='lat' dir='ltr'><strong>thalami</strong></span> <span class='ocrx_word' id='word_1_160' title='bbox 698 2420 850 2462; x_wconf 82' lang='lat' dir='ltr'><strong>sociam</strong></span> <span class='ocrx_word' id='word_1_161' title='bbox 869 2420 977 2463; x_wconf 87' lang='lat' dir='ltr'><strong>votis</strong></span> <span class='ocrx_word' id='word_1_162' title='bbox 995 2419 1239 2463; x_wconf 84' lang='lat' dir='ltr'><strong>ardentibus</strong></span> <span class='ocrx_word' id='word_1_163' title='bbox 1258 2430 1372 2479; x_wconf 82' lang='lat' dir='ltr'><strong>opta.</strong></span> 
     </span>
    </p>

    <p class='ocr_par' dir='ltr' id='par_1_12' title="bbox 855 2496 1196 2538">
     <span class='ocr_line' id='line_1_31' title="bbox 855 2496 1196 2538; baseline 0 -1"><span class='ocrx_word' id='word_1_164' title='bbox 855 2496 881 2537; x_wconf 93' lang='lat'><strong>6</strong></span> <span class='ocrx_word' id='word_1_165' title='bbox 891 2508 906 2536; x_wconf 93' lang='lat'>1</span> <span class='ocrx_word' id='word_1_166' title='bbox 915 2527 924 2536; x_wconf 91' lang='lat'><strong>.</strong></span> <span class='ocrx_word' id='word_1_167' title='bbox 945 2496 1196 2538; x_wconf 70' lang='lat' dir='ltr'><strong>Simonides.</strong></span> 
     </span>
    </p>

    <p class='ocr_par' dir='ltr' id='par_1_13' title="bbox 363 2567 1339 2775">
     <span class='ocr_line' id='line_1_32' title="bbox 420 2567 1339 2622; baseline 0.003 -13"><span class='ocrx_word' id='word_1_168' title='bbox 420 2569 519 2610; x_wconf 91' lang='lat' dir='ltr'><strong>Non</strong></span> <span class='ocrx_word' id='word_1_169' title='bbox 539 2567 637 2610; x_wconf 81' lang='lat' dir='ltr'><strong>fecit</strong></span> <span class='ocrx_word' id='word_1_170' title='bbox 657 2583 784 2610; x_wconf 86' lang='lat' dir='ltr'><strong>unam</strong></span> <span class='ocrx_word' id='word_1_171' title='bbox 803 2569 986 2617; x_wconf 80' lang='lat' dir='ltr'><strong>foeminae</strong></span> <span class='ocrx_word' id='word_1_172' title='bbox 1006 2578 1188 2614; x_wconf 83' lang='lat' dir='ltr'><strong>mentem</strong></span> <span class='ocrx_word' id='word_1_173' title='bbox 1206 2571 1339 2622; x_wconf 82' lang='lat' dir='ltr'><strong>Deus.</strong></span> 
     </span>
     <span class='ocr_line' id='line_1_33' title="bbox 363 2642 1255 2700; baseline 0.003 -17"><span class='ocrx_word' id='word_1_174' title='bbox 363 2643 443 2684; x_wconf 83' lang='lat' dir='ltr'><strong>Est</strong></span> <span class='ocrx_word' id='word_1_175' title='bbox 463 2658 559 2699; x_wconf 89' lang='lat' dir='ltr'><strong>quae</strong></span> <span class='ocrx_word' id='word_1_176' title='bbox 578 2642 761 2700; x_wconf 87' lang='lat' dir='ltr'><strong>parentis</strong></span> <span class='ocrx_word' id='word_1_177' title='bbox 779 2642 955 2700; x_wconf 80' lang='lat' dir='ltr'><strong>hispidae</strong></span> <span class='ocrx_word' id='word_1_178' title='bbox 973 2658 1109 2686; x_wconf 86' lang='lat' dir='ltr'><strong>mores</strong></span> <span class='ocrx_word' id='word_1_179' title='bbox 1128 2644 1255 2688; x_wconf 79' lang='lat' dir='ltr'><strong>refert</strong></span> 
     </span>
     <span class='ocr_line' id='line_1_34' title="bbox 368 2717 1151 2775; baseline 0.003 -17"><span class='ocrx_word' id='word_1_180' title='bbox 368 2717 463 2773; x_wconf 58' lang='lat' dir='ltr'><strong>Suis}</strong></span> <span class='ocrx_word' id='word_1_181' title='bbox 481 2731 683 2774; x_wconf 85' lang='lat' dir='ltr'><strong>propago,</strong></span> <span class='ocrx_word' id='word_1_182' title='bbox 705 2725 795 2760; x_wconf 79' lang='lat' dir='ltr'><strong>tota</strong></span> <span class='ocrx_word' id='word_1_183' title='bbox 812 2733 878 2760; x_wconf 84' lang='lat' dir='ltr'><strong>res</strong></span> <span class='ocrx_word' id='word_1_184' title='bbox 897 2718 1018 2775; x_wconf 77' lang='lat' dir='ltr'><strong>cujus</strong></span> <span class='ocrx_word' id='word_1_185' title='bbox 1037 2718 1151 2760; x_wconf 89' lang='lat' dir='ltr'><strong>domi</strong></span> 
     </span>
    </p>
   </div>
  </div>
 </body>
</html>
