1780 3178
347 278 431 330 246
749 272 950 315 IOANN
954 272 1011 315 IS
1043 273 1280 316 STOBAEI

769 399 832 429 11.
850 386 965 429 Idem
985 387 1268 430 Andromeda.

410 462 579 505 Malum
597 462 794 504 futurum
813 459 930 502 nulla
949 475 1035 503 non
1053 460 1205 503 metuit
1223 461 1328 514 dies,

351 534 618 592 Graviusque
638 542 808 591 torquet
826 532 896 575 ille
915 541 1119 576 venturus
1139 533 1270 576 dolor.

809 620 877 651 12.
899 607 1018 648 Idem
1035 607 1235 665 Antiqua

409 680 608 739 Intelligo
628 696 726 738 quae
742 680 891 738 patior.
944 680 1078 722 Haud
1097 680 1200 723 levis
1218 680 1253 723 is
1272 681 1414 724 dolor:

351 755 508 812 Aliqua
525 762 588 797 est
607 754 800 812 voluptas
819 753 1003 797 abstrahi
1023 769 1049 796 a
1068 769 1191 796 sensu
1210 754 1325 807 mali,

353 829 552 886 Interque
571 828 726 871 damna
744 828 926 887 quaestui
945 827 1180 885 ignorantia
1198 837 1272 871 est.

882 915 944 958 13.
966 903 1172 944 Incertus.

411 976 521 1018 Haec
540 975 714 1018 audiens
733 975 936 1018 miserere.
987 976 1100 1018 Nam
1121 984 1221 1016 trux
1240 973 1454 1016 calamitas

355 1048 607 1107 Exprimere
625 1048 808 1106 gemitus
827 1048 954 1091 etiam
973 1048 1027 1091 ab
1046 1047 1200 1105 ignotis
1219 1047 1334 1090 solet.

883 1134 946 1175 14.
964 1123 1172 1164 Incertus.

818 1194 917 1245 Sine
934 1195 1185 1238 moeroribus

358 1268 503 1311 Homo
521 1277 646 1312 natus
664 1283 804 1312 aevum
822 1269 965 1312 nullus
984 1269 1124 1327 exegit
1139 1285 1279 1322 suum,

358 1341 401 1382 N
403 1356 449 1383 ec
467 1340 594 1383 finem
611 1341 802 1399 adusque
820 1341 995 1399 pertulit
1013 1357 1079 1384 res
1095 1357 1327 1400 prosperas.

775 1426 840 1471 15.
861 1416 1100 1474 Euripides
1121 1417 1278 1460 Oreste.

418 1487 507 1528 Res
524 1495 622 1530 ante
640 1497 811 1532 cunctas
829 1488 969 1532 luctus
988 1489 1116 1532 exitio
1135 1498 1198 1532 est
1215 1489 1343 1532 mihi:

361 1558 542 1602 Difficile
560 1574 737 1611 numen3
770 1569 955 1605 attamen
970 1562 1166 1605 sanabile.

811 1636 875 1677 16.
898 1636 1017 1677 Idem
1036 1636 1247 1679 Alcmcma.

417 1714 440 1745 5
453 1706 667 1749 Generosa
685 1716 784 1750 sunt
803 1717 878 1750 tua
896 1708 1019 1761 forte,
1037 1709 1110 1751 sed
1128 1709 1355 1766 prudentia

362 1782 518 1823 Carent
536 1781 734 1825 facinora.
783 1784 883 1825 Non
902 1783 1039 1841 placet
1057 1784 1281 1827 laudabilis

361 1853 561 1897 Miseria:
591 1864 762 1913 praestat
782 1856 940 1914 quippe
958 1872 1025 1899 res
1042 1857 1295 1899 rumoribus.

658 1939 720 1982 17.
742 1929 1020 1986 Apollodorus
1042 1931 1401 1988 Circumscriptis.

419 2000 519 2041 Non
536 1999 816 2056 possidentem
835 2001 970 2044 multa
989 2002 1298 2061 nuncupaveris

362 2072 495 2114 Recte
513 2072 699 2125 beatum,
720 2073 793 2115 sed
813 2073 980 2116 tristitia
999 2075 1073 2132 qui
1092 2084 1224 2118 vacat.

861 2146 928 2188 18.
947 2136 1201 2190 Menander.

421 2217 588 2259 Natura
605 2217 846 2261 hominibus
864 2219 999 2262 multa
1017 2235 1114 2262 cum
1133 2221 1281 2279 gignat
1297 2222 1421 2274 mala,

364 2290 557 2333 Tristitia
574 2300 637 2335 est
655 2292 791 2350 majus
810 2293 1006 2336 omnibus
1023 2293 1143 2336 malis
1161 2294 1331 2337 malum.

797 2379 861 2422 19.
880 2368 1107 2424 Sophocles
1132 2369 1264 2426 Tyro.

419 2445 440 2467 ²
454 2438 575 2496 Saepe
594 2453 705 2496 aeger
723 2439 888 2482 animus
906 2441 1069 2499 corpori
1087 2443 1255 2486 morbos
1274 2443 1403 2486 dedit.

806 2526 873 2557 20.
896 2515 1015 2556 Idem
1034 2516 1258 2573 Eriphyle.

422 2584 566 2626 Homo
585 2585 690 2642 quid
709 2601 941 2644 repugnem
959 2588 1150 2633 cladibus
1169 2589 1415 2640 caelestibus,

534 2745 550 2766 1
566 2739 663 2771 Refer
678 2741 718 2772 ad
732 2740 800 2773 Tit.
817 2742 874 2775 1v.
1071 2750 1084 2765 ²
1098 2743 1199 2776 Refer
1221 2745 1262 2779 ad
1282 2744 1349 2778 Tit.
1364 2745 1488 2778 XCVII
1494 2747 1520 2779 1.
