1780 3178
361 328 445 372 260
755 321 1018 366 IOANNIS
1051 319 1296 364 STOBAEI

733 450 803 494 43.
825 436 1064 495 Ewipides
1085 435 1334 494 Hippofflto.

419 514 451 556 J
453 528 522 556 am
543 528 654 571 saepe
673 511 762 554 vidi
781 510 982 569 praeviam
1003 509 1245 552 mortalium

363 587 625 630 Felicitatem
645 586 828 629 dedecus
845 600 1048 643 magnum
1068 584 1199 642 sequi.

831 672 902 713 44.
925 659 1045 701 Idem
1066 658 1236 716 OEdz'po.

422 733 612 776 Mutavit
631 747 771 776 aevum
792 748 902 790 saepe
914 732 1007 790 jam
1025 731 1146 774 nobis
1166 731 1301 782 Deus,

362 808 593 866 Variasque
612 807 761 851 tribuit
780 807 901 850 sortis
920 807 1092 849 alternae
1111 805 1232 848 vices.

721 929 723 931 ¹
898 891 970 937 45.
993 881 1169 923 Ibidem.

423 956 685 999 Mutationes
705 971 792 999 una
810 956 892 998 fert
911 955 1067 997 multas
1086 955 1186 997 dies.

798 1031 868 1084 46.
891 1029 1012 1071 Idem
1038 1029 1274 1086 Meleagro.

422 1102 616 1146 Divitum
637 1119 702 1147 res
721 1104 807 1146 heu
828 1102 1031 1146 secundas
1049 1106 1180 1160 quam
1197 1101 1282 1144 cito
1299 1099 1450 1143 evertit
1468 1100 1606 1142 Deus!

882 1190 956 1233 47.
977 1177 1196 1235 Diphilus.
1303 1202 1403 1249 :Q

422 1252 497 1294 Nil
517 1252 665 1294 stabile
684 1253 729 1294 in
749 1237 843 1295 aevo
860 1251 1047 1295 cernitur
1066 1250 1321 1302 mortalium,
1359 1249 1384 1269 ·”

363 1325 454 1367 Nec
473 1325 561 1367 fata
580 1324 805 1382 quisquam
823 1324 946 1381 fingit
965 1323 1138 1366 arbitrio
1150 1339 1245 1374 suo.

387 1401 389 1404 ’
844 1398 915 1452 48.
937 1398 1226 1440 Nicostratus.

422 1472 544 1514 Felix
565 1473 618 1515 ab
639 1473 752 1514 omni
771 1480 891 1530 parte
910 1487 1035 1514 nemo
1054 1486 1233 1529 usquam
1254 1478 1316 1512 est
1334 1469 1476 1511 homo.

364 1545 609 1603 Euripides,
629 1546 715 1604 pol,
737 1555 878 1588 noster
897 1545 1117 1604 amplexus
1136 1546 1243 1588 bene
1262 1560 1306 1587 es

366 1619 529 1660 AEvum
550 1634 674 1661 omne
693 1634 838 1661 versus
859 1619 985 1661 unius
1004 1619 1263 1677 compendio.

636 1685 639 1690 ⁵
846 1707 917 1750 49.
939 1694 1231 1751 Apollodorus.

423 1765 523 1807 Non
543 1765 665 1809 video
685 1783 888 1824 quorsum
908 1776 1083 1825 argento
1103 1767 1302 1819 confidas,
1323 1774 1459 1824 pater,

366 1838 494 1889 Quod
513 1839 573 1881 nil
591 1839 763 1882 habenti
782 1841 904 1884 facile
923 1841 1067 1899 largiri
1085 1841 1190 1884 solet

366 1902 513 1955 Brevis
532 1913 650 1966 hora,
672 1922 714 1956 et
733 1930 903 1957 rursum
922 1914 1152 1972 possidenti
1171 1914 1350 1957 demere.

875 1999 948 2043 50.
969 1987 1201 2030 Philemon.

426 2058 547 2115 Saepe
565 2058 692 2100 hodie
711 2059 786 2117 qui
805 2060 879 2103 vix
898 2076 925 2103 a
943 2076 986 2103 se
1005 2061 1204 2119 porcebat
1223 2062 1378 2104 famem

366 2131 575 2173 Postridie
595 2132 698 2175 alios
715 2133 822 2177 aluit
840 2135 959 2193 larga
976 2135 1194 2178 alimonia:

366 2204 428 2245 Et
447 2219 593 2246 rursus
612 2205 739 2247 hodie
758 2206 833 2264 qui
853 2207 1098 2249 thesaurum
1118 2216 1329 2265 repererat

367 2275 578 2319 Postridie
597 2293 763 2320 omnem
782 2295 871 2322 rem
891 2295 979 2323 suae
999 2280 1137 2323 amisit
1154 2280 1281 2323 domi.

886 2365 961 2414 51.
980 2356 1189 2398 Incertus.

425 2414 600 2470 Habent
616 2428 798 2485 superba
817 2428 929 2471 dona
949 2430 1153 2472 Fortunae
1173 2437 1346 2472 metum.

367 2501 516 2544 Rebus
534 2495 688 2560 negata
706 2502 880 2561 fulgidis
900 2503 1112 2554 securitas,

367 2575 620 2633 Tutumque
639 2575 878 2618 hominibus
897 2576 958 2619 nil
977 2585 1020 2619 et
1039 2576 1249 2620 excelsum
1268 2577 1393 2620 simul
1406 2595 1430 2620 :A

366 2649 463 2690 Aut
481 2648 588 2691 livor
604 2648 726 2700 illud,
747 2658 821 2691 aut
841 2649 950 2692 edax
970 2650 1118 2693 sternit
1137 2650 1240 2702 dies,

368 2722 591 2764 Summum
610 2722 665 2765 ad
682 2722 864 2780 gradum
882 2738 980 2765 cum
999 2723 1198 2766 claritatis
1216 2723 1388 2766 venerit.

368 2794 674 2837 Mediocritatis
694 2795 824 2838 tutior
844 2795 1060 2853 possessio,

367 2867 452 2908 Per
472 2883 598 2924 quam
619 2884 694 2911 nec
715 2868 865 2926 aliquis
883 2869 1089 2926 premitur
1108 2869 1286 2913 afflictus
1305 2870 1406 2922 solo,
