1780 3178
337 246 391 288 88
747 241 1005 285 IOANNIS
1037 239 1273 283 STOBAEI

815 364 822 371 ”
864 356 907 399 6.
929 357 1157 398 Homerus.

395 434 488 476 Vox
507 432 648 490 elapsa
665 431 791 489 fugit,
813 429 962 472 melius
981 445 1079 487 quae
1098 428 1256 471 indicta
1273 428 1435 470 fuisset.

917 515 965 560 7.‘
979 504 1109 545 Idem.

397 581 569 638 Semper
589 578 718 621 verba
737 578 839 620 libet
859 576 938 619 tibi
957 576 1160 618 fundere:
1193 575 1332 627 erede,
1352 575 1555 617 disertum

339 655 438 696 Non
458 653 578 696 decet
598 668 685 695 esse
705 651 839 694 nimis.

838 726 877 767 8.
900 725 1188 766 Nicostratus.

400 799 444 842 Si
464 799 598 841 multa
617 799 899 842 indesinenter
916 807 959 841 et
977 814 1155 856 propere
1175 797 1316 854 eloqui

343 872 568 930 Sapientiae
588 881 695 915 esset
716 857 898 930 signum,
919 880 1031 913 certe
1049 870 1298 912 hirundines

343 945 624 1003 Sapientiores
642 945 884 987 hominibus
902 944 1039 986 multo
1057 944 1208 986 forent.

755 1033 796 1075 9.
818 1020 1057 1078 Euripides
1078 1019 1271 1061 Bacchis.

403 1094 610 1152 Sapientis
629 1094 823 1136 umbram
843 1093 918 1136 dat
937 1093 1014 1136 tibi
1034 1092 1239 1136 versatilis

342 1169 438 1211 Tua
455 1168 623 1226 lingua:
656 1167 778 1210 dictis
797 1168 871 1223 sed
892 1167 978 1210 tuis
996 1183 1114 1210 mens
1133 1182 1218 1209 non
1237 1167 1366 1209 adest.

802 1256 867 1285 10.
890 1243 1010 1284 Idem
1030 1243 1231 1300 Antiopa.

404 1315 626 1359 Silentium
646 1331 799 1359 corona
818 1316 979 1360 cordati
1001 1316 1078 1358 viri
1098 1325 1183 1359 est:

346 1392 474 1433 Caret
493 1390 638 1448 cupito
656 1389 814 1448 gaudio
833 1389 1078 1447 loquacitas,

347 1468 550 1524 Suspecta
569 1466 724 1518 amicis,
747 1466 986 1508 civitatibus
1005 1454 1156 1523 gravis.

764 1554 828 1582 11.
851 1540 1074 1598 Sophocles
1094 1540 1278 1582 Aleadis.

406 1614 520 1666 Quid
539 1614 669 1656 verba
687 1613 832 1655 fundis
851 1613 1013 1671 impetu
1034 1621 1120 1654 tam
1139 1612 1343 1670 prodigo?

350 1691 522 1746 Semper
543 1688 743 1731 molestus
762 1696 825 1730 est
845 1688 1131 1746 Supervacuus
1150 1687 1283 1730 labor.

852 1775 917 1806 12.
940 1763 1192 1806 Menander.

405 1838 551 1895 Turpe
570 1846 633 1879 est
651 1837 854 1895 profecto,
876 1837 1054 1895 quoties,
1075 1837 1151 1894 qui
1169 1836 1316 1894 lingua
1334 1836 1460 1886 valet,

349 1911 523 1970 Lingua
542 1927 751 1955 sermones
771 1912 1003 1970 ejaculatur
1022 1911 1180 1954 futiles.

755 1997 819 2042 13.
841 1986 1079 2044 Euripides
1100 1985 1296 2027 Bacchis.

409 2059 599 2116 Spretrix
620 2059 724 2117 legis
743 2058 944 2116 iniquitas

351 2132 634 2190 Effraenisque
653 2121 884 2189 lociuacitas

352 2191 401 2247 In
421 2205 524 2247 fines
543 2204 715 2247 miseros
735 2213 888 2249 ruunt,

710 2328 716 2333 ,
854 2292 920 2332 14.
941 2278 1195 2320 Menander.

411 2351 502 2391 Nec
523 2365 670 2392 saxum
691 2350 812 2392 facile
831 2349 971 2392 valida
989 2349 1223 2407 projectum
1244 2364 1372 2391 manu

354 2422 671 2480 Reprehendas‚
694 2439 769 2465 nec
792 2438 1022 2466 sermonem
1043 2423 1118 2481 qui
1137 2423 1284 2481 lingua
1302 2423 1426 2481 fugit.

771 2511 834 2553 15.
856 2499 1093 2556 Euripides
1113 2499 1284 2555 Dictye.

414 2570 587 2627 Semper
606 2569 722 2627 loqui
743 2570 976 2628 discupere,
998 2571 1204 2613 nimis'est
1222 2571 1398 2629 regium.

805 2645 868 2685 16.
892 2644 1113 2700 Sophocles
1133 2643 1260 2685 Alete.

412 2713 664 2772 Quicunque
685 2731 771 2758 sese
792 2731 953 2773 semper
973 2715 1109 2758 audiri
1128 2707 1260 2772 cupit,

356 2786 467 2829 Aliis
489 2788 686 2831 molestus
705 2805 833 2847 quam
855 2789 908 2832 sit
928 2790 1033 2832 haut
1052 2789 1259 2847 intelligit.
