1780 3178
418 275 885 324 FLommeu.
916 275 1023 319 Tu».
1046 242 1115 333 92.
1364 285 1444 319 221

114 397 275 448 Testes,
293 395 460 447 amima,
475 393 652 452 judices.
699 390 772 434 Tu
789 390 848 457 da
863 389 1006 442 modo,

116 470 239 528 Ipsos
256 467 429 512 habebis
445 467 490 511 in
507 465 736 510 ministerio
753 464 880 508 Deos.

453 621 456 626 ”
520 620 853 673 iTITULUS
882 618 1053 668 XCII.

234 739 510 782 QUANTUM
537 737 767 778 DIVITIAE
795 734 1052 774 VALEANT
1078 731 1331 772 PROPTER

512 808 684 847 VULGI
711 804 1057 846 IMPERITIAM.

521 906 560 936 1.
580 891 821 950 Euripides
839 890 1051 933 Alcmena.

174 965 438 1011 Contendere
456 964 609 1023 opibus
625 964 738 1007 clara
755 961 950 1006 nobilitas
967 959 1139 1018 nequit:

117 1042 313 1097 Namque
331 1038 496 1081 infimos
513 1037 569 1080 ad
587 1051 752 1080 summa
767 1034 926 1079 divitiae
944 1034 1116 1080 vehunt..

568 1123 606 1155 2.
628 1109 744 1151 Idem
761 1108 1007 1151 Erechtheo.

177 1187 266 1229 Fac
284 1183 446 1242 aliquid
464 1182 643 1226 habeas:
674 1181 772 1223 inde
789 1178 984 1222 nobilitas
1002 1178 1130 1230 venit,

118 1261 176 1303 Et
193 1258 436 1316 nuptiarum
455 1255 576 1314 eopia
589 1253 878 1312 optimatium:

119 1335 186 1376 At
203 1347 379 1391 pauper,
398 1330 508 1373 adsit
525 1327 758 1386 quamlibet
775 1325 992 1384 sapientia,

119 1407 285 1465 Expers
302 1403 471 1448 honoris
489 1417 641 1445 nomen
658 1400 788 1444 habet
804 1399 1040 1457 inglorium.

583 1488 627 1531 3.
648 1474 768 1516 Idem
793 1473 985 1530 ssya-m.

178 1551 312 1593 Haud
330 1550 451 1594 facile
468 1563 632 1608 pauper
648 1547 819 1605 nuptias
836 1545 1050 1589 invenerit.

120 1626 233 1667 Nam
251 1624 361 1667 celsa
372 1623 514 1682 gentis
531 1622 682 1665 deeora
699 1620 775 1678 qui
793 1619 983 1671 laudant,
1003 1605 1142 1661 tamen

119 1697 416 1755 opulentiores
434 1695 576 1753 potius
594 1693 737 1737 affines
755 1692 918 1750 legunt.

157 1758 168 1764 ’
588 1779 630 1821 4
651 1767 771 1809 Idem
790 1766 989 1822 Ρεᾱφεεε.

152 1831 155 1832 ’
178 1843 349 1884 nouare
368 1855 490 1884 nemo
502 1840 595 1897 jam
613 1838 718 1881 solet
735 1837 815 1880 nisi
833 1835 965 1879 diviti.

239 1918 243 1921 ’
599 1925 640 1973 5.
663 1912 782 1954 Idem
803 1910 982 1967 Cressis.

180 1986 383 2045 Opulenti
400 1986 568 2036 amicos,
588 1999 697 2042 quos
713 1983 878 2034 volunt,
893 1997 1036 2024 omnes
1054 1980 1225 2030 habent,

123 2060 304 2104 Accedit
320 2059 472 2118 opibus
490 2073 605 2101 more
624 2072 710 2100 non
728 2056 931 2099 laudabili

125 2133 348 2192 Sapientiae
366 2148 537 2191 quoque
554 2132 678 2181 fama.
729 2131 843 2172 Nam
861 2144 969 2186 quos
987 2127 1126 2170 evehit

126 2209 331 2261 Fortuna,
350 2205 516 2248 eosdem
536 2204 745 2247 credimus
762 2203 866 2245 scire
884 2202 1034 2244 omnia.

599 2278 639 2318 6.
662 2277 776 2318 Idem
795 2276 984 2317 Hecuba.

184 2352 244 2393 At
262 2365 398 2392 nonne
417 2349 549 2391 cernis
565 2347 708 2390 inclita
725 2347 854 2404 stirpe
872 2346 1021 2398 editos,

128 2423 175 2466 Si
193 2430 500 2480 pauperescunt
517 2421 747 2463 claritatem
766 2420 980 2463 amittere:

128 2499 188 2540 At
207 2505 303 2538 ante
321 2495 422 2538 viles
439 2495 565 2537 rebus
582 2494 903 2552 augescentibus

94 2610 103 2614 -
129 2569 418 2628 opulentitaoe
433 2582 673 2625 comparare
690 2566 867 2624 gloriam

132 2644 217 2686 Per
233 2642 407 2685 liberam
428 2640 623 2698 conjugia
641 2648 684 2682 et
701 2639 875 2681 innexas
888 2637 1059 2680 domos?

502 2806 653 2838 *Poterat
665 2805 819 2846 conjungi
834 2815 910 2836 cum
925 2804 993 2836 Tit.
1008 2803 1100 2835 xcl.
