1780 3178
356 279 439 336 256
757 281 909 323 IOAN
913 281 953 323 N
958 281 1014 324 IS
1045 281 1283 326 SToBAEl

312 448 321 453 α
748 408 812 436 11.
833 396 1071 454 Euripide-9
1090 398 1290 456 Antiopa.

407 466 540 509 Plena
558 476 621 509 est
640 467 831 510 laborum
850 468 938 511 vita
955 468 1055 512 data
1071 470 1341 513 mortalibus:

349 540 449 582 Non
469 555 630 597 semper
649 551 711 583 est
730 540 893 594 infesta,
915 557 1000 584 non
1018 557 1181 600 semper
1198 543 1347 585 favens

349 614 561 655 Fortuna:
594 628 706 656 nunc
726 629 792 656 res
811 613 923 666 laeta„
939 630 1053 658 nunc
1071 615 1339 674 improspera.

347 687 529 739 Quando
549 702 649 744 ergo
668 695 810 730 nostra
829 698 915 731 tam
934 703 1044 747 vaga
1062 697 1125 731 est
1143 688 1332 742 felicitaS,

347 762 462 813 Quin
481 763 640 820 absque
659 761 771 804 curis
790 761 988 805 discimus
1006 763 1094 806 vita
1111 763 1224 806 frui?

551 892 553 899 Ι
741 850 804 883 12.
822 838 941 880 Idem
961 830 1293 896 Bellerophonte.
1332 863 1335 866 ,

404 911 518 962 Quid
537 911 581 953 in
601 911 786 954 humana
804 921 966 955 certum
988 911 1073 955 vita
1091 914 1179 954 est?

346 986 531 1027 Cursum
550 984 711 1026 ratibus
731 984 845 1026 venti
864 976 1017 1027 celeres

345 1059 428 1100 Per
447 1058 572 1101 maris
591 1057 664 1101 alti
684 1059 792 1101 vada
810 1068 928 1102 vasta
945 1067 1123 1116 regunt:

343 1134 408 1175 At
426 1133 616 1175 fortunas
635 1132 812 1175 sublime
832 1133 930 1175 sitas

344 1203 580 1246 Hominum
600 1203 644 1245 in
663 1219 849 1262 praeceps
867 1203 956 1262 agit
973 1203 1065 1261 ipsa
1082 1202 1172 1245 dies

344 1278 597 1334 Pressasque
617 1276 739 1319 levat.

774 1363 838 1406 13.
858 1350 978 1392 Idem
1001 1349 1257 1407 Chrysippo.

400 1426 531 1477 Here,
552 1440 675 1467 nemo
694 1424 812 1467 novit
830 1433 939 1467 sorte
958 1423 1125 1466 mortali
1146 1433 1260 1466 satus

341 1498 546 1540 Mensura
564 1514 662 1556 quae
682 1497 735 1540 sit
754 1498 942 1555 prosperi
962 1506 1092 1556 atque
1110 1498 1367 1556 improsperi.
1391 1512 1393 1515 ’

739 1584 804 1625 14.
827 1572 946 1614 Idem
965 1572 1274 1614 Andromacha.

397 1644 548 1687 Titulo
566 1644 678 1687 beati
697 1659 782 1687 non
800 1645 907 1688 bene
925 1645 1198 1702 appellaveris

339 1717 432 1759 Nisi
452 1718 573 1775 cujus
592 1718 671 1760 aevi
690 1717 844 1760 videris
863 1733 1077 1761 summum
1096 1718 1222 1771 diem,

340 1792 549 1849 Qualique
570 1801 679 1835 sorte
698 1792 892 1835 clauserit
910 1792 1009 1835 vitae
1029 1793 1200 1835 exitum.

827 1880 891 1923 15.
913 1868 1032 1909 Idem
1051 1868 1188 1925 Ange.

394 1939 587 1981 Fortuna
605 1940 725 1982 nobis
740 1955 825 1982 non
843 1949 970 1998 negat
990 1941 1086 1983 solis
1105 1939 1255 1983 fidem:

337 2013 494 2055 Omnes
512 2012 615 2055 levis
633 2013 782 2056 fefellit
801 2023 876 2057 aut
896 2030 987 2057 sero
1005 2023 1082 2058 aut
1095 2004 1210 2058 cito:

336 2087 598 2130 Felicitatem
615 2103 738 2130 nemo
757 2099 1009 2146 perpetuam·
1025 2088 1134 2131 tulit.

794 2163 857 2205 18.
880 2164 1000 2205 Idem
1019 2164 1200 2220 Samiis.

392 2235 531 2286 Quam
550 2250 639 2277 sors
657 2235 803 2293 iniqua
820 2236 996 2294 contigit
1013 2236 1282 2279 mortalibus?

333 2307 417 2349 His
435 2307 559 2360 ridet,
579 2308 672 2351 illos
690 2309 879 2354 cladibus
898 2310 1017 2353 duris
1036 2311 1190 2369 premit

330 2381 535 2434 Fortuna,
555 2383 748 2440 quamvis
766 2384 845 2427 rite
863 2393 1114 2428 venerentur
1133 2386 1262 2438 Deos,

330 2455 590 2513 Castumque
609 2457 663 2499 ab
682 2457 795 2500 omni
814 2466 962 2516 pectus
980 2467 1166 2502 arcentes
1183 2459 1339 2518 probro

329 2530 549 2572 Sectentur
569 2530 681 2587 aequi
698 2531 847 2574 itinera
866 2531 1040 2575 sollicito
1056 2533 1176 2591 pede.

747 2615 812 2660 17.
829 2607 949 2648 Idem
967 2607 1246 2651 Andromeda.

387 2676 491 2719 Fuit
509 2676 577 2720 hic
595 2677 719 2720 felix:
752 2678 826 2720 sed
845 2679 971 2721 vertit
988 2695 1089 2737 opes

327 2750 462 2802 Deus,
483 2758 525 2792 et
543 2751 642 2793 clari
661 2751 839 2794 nominis
857 2751 961 2795 olim
1101 2740 1105 2745 ⁸

329 2823 519 2866 Fortuna
536 2823 672 2867 labat:
705 2823 875 2882 vitaque
893 2823 1006 2867 venti
