1838 3276
461 286 914 332 FLORILEGIUM.
944 286 1050 330 T1·r.'
1073 300 1138 330 10.

573 440 911 491 kTITULUS
944 441 1011 490 X.

408 541 484 580 DE
511 540 818 580 mms'nnA
841 540 913 579 ET
938 539 1207 579 ΑνΑΒιΤιΑ.

518 626 1088 685 ].ΕωῳεαωΗηαι-ιεαεε.
1159 654 1166 661 .

196 698 411 742 Sententia
428 698 568 742 animo
587 698 694 741 sedit
710 699 802 741 haec
819 698 984 756 pridem
1002 712 1108 741 meo.

137 774 300 816 Natum
319 772 438 816 alteri
456 788 544 815 esse
562 771 753 830 quisquis
770 781 834 814 est
851 770 1070 813 hominum
1088 771 1274 829 probus:

138 848 203 888 At
221 845 412 904 quisquis
429 844 618 888 animum
635 842 889 900 mancipavit
906 842 1103 900 quaestui‚

54 938 58 942 ’
139 918 335 962 Inutilem
353 933 441 961 esse
457 917 620 976 patriae,
639 930 886 971 commercio
953 946 958 951 ,
1000 940 1003 942 v

140 992 443 1044 Periculosum,
465 991 538 1034 sed
557 990 635 1033 sibi
654 990 814 1032 interea
831 989 1052 1047 optimum.

680 1076 718 1108 2.
740 1064 937 1121 Sertqn'm

199 1138 323 1181 ¹Non
340 1139 422 1181 ista
438 1138 594 1180 blanda
611 1137 741 1180 verba
757 1146 807 1179 tu
824 1135 983 1187 fundis,
1003 1150 1097 1179 meo

143 1213 302 1256 Animo
320 1212 622 1264 obsecundanffi
642 1210 717 1253 sed
734 1218 812 1252 tuo
829 1208 1088 1267 compendio.

307 1309 312 1315 ·
653 1296 694 1340 3⁴
715 1280 967 1325 Menander.
1071 1298 1073 1300 ·

205 1359 427 1402 Summum
448 1365 511 1400 est
528 1355 706 1399 aviditas
723 1354 888 1413 generis
905 1352 1079 1395 humani
1099 1352 1279 1395 malum:

146 1431 302 1475 Aliena
318 1445 500 1488 namque
518 1445 598 1487 pro
617 1428 703 1471 suis
721 1428 796 1485 qui
814 1426 1044 1478 vindicant,

147 1508 342 1564 Persaepe
358 1520 445 1548 non
463 1513 628 1548 tantum
647 1502 840 1560 improba
858 1516 932 1559 spe
949 1499 1151 1542 decidunt

146 1579 271 1632 Victi,
291 1578 366 1622 sed
384 1585 604 1636 apponunt
622 1585 666 1618 et
681 1575 826 1618 alienis
845 1589 932 1617 sua.
977 1607 982 1610 .

673 1661 715 1702 4.
736 1647 953 1706 Diphilus.

206 1725 339 1768 Lucri
356 1723 513 1782 cupido
529 1736 687 1764 eoecum
705 1730 750 1763 et
765 1719 1012 1778 imprudens
1028 1718 1187 1760 malum
1205 1728 1291 1761 est:

150 1798 262 1851 Quia
274 1812 391 1840 mens
408 1795 600 1839 laborans
618 1809 780 1852 capere,
799 1792 860 1835 nil
878 1791 992 1835 ultra
1010 1791 1135 1833 videt.

93 1866 108 1878 ⁸
720 1875 762 1922 5.
783 1866 910 1908 Idem.

210 1945 279 1988 Ex
297 1943 424 1986 rebus
441 1940 562 1983 aufer
579 1954 742 1997 capere,
762 1949 805 1981 et
823 1938 1043 1981 abstuleris
1061 1937 1202 1980 malos.

713 2011 775 2054 lb.
797 2012 926 2053 Idem.

213 2090 312 2132 Hoc
330 2096 394 2131 est
410 2087 601 2138 aviditas
621 2100 719 2128 cum
737 2084 834 2142 quis
851 2099 928 2126 nec
941 2084 1015 2141 jus
1032 2098 1108 2125 nec
1126 2082 1286 2124 bonum

156 2161 412 2219 Respiciens,
433 2166 568 2202 totum
589 2156 771 2215 quaestui
789 2172 832 2198 se
850 2155 1071 2212 mancipat.

666 2232 710 2272 6.
735 2229 983 2282 Menwnder.

216 2308 446 2366 Loqueris:
479 2306 552 2349 sed
570 2305 666 2348 ideo
685 2303 881 2361 loqueris,
902 2311 952 2344 ut
970 2301 1136 2343 lucrum
1154 2300 1273 2343 feras.

587 2389 626 2433 7.
646 2376 882 2434 Ewript‘des
903 2374 1060 2417 Ioeiorae.

219 2455 390 2499 Habere
407 2452 598 2512 quisquis
615 2458 734 2509 parte
751 2449 848 2507 plus
866 2446 1018 2505 quaerit
1037 2460 1125 2497 sua,

165 2530 238 2573 Nil
257 2529 326 2572 ille
334 2527 440 2586 justi
458 2526 629 2584 cogitat,
649 2523 709 2566 nil
729 2521 902 2580 expetit,

166 2603 276 2646 Urbi
296 2612 423 2659 atque
441 2599 582 2643 amicis
601 2597 755 2656 pariter
773 2593 1032 2639 insociabilis.

211 2776 226 2797 ¹⁸
245 2775 447 2807 Dividendus
467 2774 573 2806 fuerat
591 2773 643 2805 hie
663 2772 809 2810 Titulus,
852 2770 919 2802 Tit.
934 2769 1028 2800 xvl.

169 2835 203 2863 et
218 2839 291 2871 pars
308 2828 467 2870 posterior
487 2826 715 2868 conjungenda
735 2835 809 2857 cum
899 2822 907 2845 ¹
923 2822 1022 2854 Refer
1036 2821 1077 2853 ud
1093 2820 1161 2853 Tit.
1176 2820 1268 2852 xlv.

1411 297 1464 338 41
