1780 3178
349 280 445 323 116·
741 277 1004 321 IOANNIS
1020 277 1281 320 'STOBAEI

349 388 465 430 Urbs
485 386 572 429 abit
591 386 634 427 in
655 385 843 428 flammas
852 402 866 427 :-
893 383 1006 427 cadit
1026 384 1111 427 alta
1129 394 1268 442 strage
1287 384 1423 427 virum
1442 394 1568 442 gens:
1589 394 1593 398 ·

348 461 535 519 Pignora
553 476 684 519 parva
702 460 876 503 trahunt
895 459 965 501 alii
983 459 1162 517 captiva,
1184 473 1412 516 nurusque.

789 535 827 575 6.
849 523 1087 590 Earvspides
1106 533 1244 575 AEozo.

406 616 429 637 ¹¹
442 607 618 649 Audere
637 606 750 663 cogit
771 622 880 663 saepe
900 621 976 648 nos
996 606 1226 648 necessitas.

879 693 918 735 7.
946 681 1155 738 Tyrtaeus.

348 755 526 807 Audite,
547 754 690 797 invicti
710 754 882 811 quando
901 769 1036 811 genus
1057 753 1257 796 Herculis
1272 754 1395 796 estis:

407 827 586 884 Obstipo
605 826 794 868 nondum
815 826 846 867 J
848 825 1018 883 uppi'ter
1037 833 1100 868 est
1120 825 1267 883 capite.

348 901 415 942 Ne
436 908 620 942 stantum
640 906 784 941 contra
803 906 1027 940 numerum
1047 897 1253 956 trepidate
1272 897 1474 949 virorum,

408 973 492 1016 Sed
512 988 700 1032 parmam
719 972 865 1030 primis
884 972 1052 1030 objicite
1071 971 1322 1030 agminibus.

347 1046 544 1104 Projicite
563 1062 617 1088 ex
635 1046 775 1089 animo
794 1046 901 1088 hanc
920 1046 1117 1094 animam,
1137 1061 1214 1088 nec
1231 1046 1392 1090 lumina
1410 1046 1509 1089 solis

407 1120 592 1172 Quaerite
611 1136 700 1177 prae
721 1121 877 1163 Mortis
895 1129 1017 1163 nocte
1036 1120 1283 1178 soporifera:

350 1193 472 1236 Scitis
491 1193 616 1245 enim,
634 1193 733 1235 saevi
752 1204 881 1251 quam
901 1194 1013 1236 facta
1031 1192 1210 1236 illustria
1230 1193 1396 1245 Martis,

407 1269 545 1319 Quam
566 1267 618 1309 sit
636 1267 1013 1310 bellorum'nobilis
1031 1267 1101 1309 isse
1120 1268 1255 1320 furor,

350 1343 471 1399 Saepe
489 1342 637 1399 fugam
657 1341 833 1398 experti,
855 1341 1065 1400 fugientes
1085 1356 1195 1399 saepe
1215 1341 1368 1385 secuti:

406 1417 445 1457 Ο
459 1415 638 1472 juvenes
658 1430 745 1458 sors
763 1431 839 1458 vos
857 1416 951 1468 ista,
962 1424 1048 1459 'nec
1067 1416 1148 1459 ista
1165 1416 1279 1459 latet.

348 1491 459 1532 Nam
479 1490 554 1547 qui
573 1490 771 1532 consertis
789 1490 1033 1548 clypeorum
1054 1490 1309 1533 umbonibus
1328 1490 1487 1533 audent

407 1563 609 1606 Cominus
628 1563 671 1605 in
691 1563 848 1621 primos
866 1564 1043 1606 vulnera
1057 1565 1171 1607 ferre
1189 1564 1314 1617 viros,

350 1639 471 1694 Saepe
490 1637 630 1679 minus
649 1646 842 1694 pereunt,
863 1646 906 1679 et
927 1646 1094 1679 servant
1110 1653 1221 1695 pone
1241 1646 1483 1695 sequentes:

405 1712 471 1752 At
490 1709 646 1752 timidis
662 1709 797 1752 virtus
816 1709 1006 1767 undique
1025 1709 1226 1768 disperiit.

346 1784 438 1826 Nec
457 1783 682 1841 quisquam
701 1782 832 1825 fando
852 1782 989 1826 valeat
1008 1798 1240 1826 memorare
1258 1783 1464 1825 malorum

405 1861 646 1917 Degeneres
664 1858 823 1901 animos
840 1858 1152 1916 millia‘quanta
1169 1867 1384 1916 premunt.

348 1933 499 1990 Turpe
518 1932 669 1974 etenim
689 1932 855 1989 trepido
873 1932 1106 1990 fugientem
1125 1931 1272 1990 praelia
1287 1947 1415 1974 cursu

407 2009 575 2052 Imbelli
595 2009 720 2051 dorso
739 2008 915 2051 vulnera
935 2008 1160 2066 suscipere:

347 2082 493 2139 Turpe
513 2091 555 2123 et
573 2082 773 2139 pulverea
793 2091 970 2125 stratum
991 2082 1142 2124 tellure
1160 2082 1354 2133 cadaver,

375 2204 378 2207 .
405 2154 543 2211 Cujus
562 2154 616 2196 ab
636 2154 973 2211 hostili'cuspide'
985 2163 1105 2211 terga
1123 2154 1289 2197 rubent.

350 2226 433 2269 Sed
452 2227 559 2269 bene
578 2233 823 2285 progressus
842 2227 961 2269 miles
979 2228 1087 2285 pede
1104 2226 1236 2270 calcet
1256 2236 1440 2285 utroque

403 2301 632 2354 Tellurem,
652 2310 697 2344 et
714 2301 881 2344 labrum
898 2298 1024 2344 dente
1043 2312 1208 2359 premat
1221 2301 1375 2345 tacito:

348 2376 473 2425 erus,
493 2374 684 2431 latosque
697 2375 914 2426 -humerOS,
932 2384 977 2416 et
995 2384 1143 2432 pectus
1160 2375 1283 2427 forte,
1304 2375 1534 2432 femurque-
1565 2407 1569 2410 κ
1600 2392 1602 2394 ·

404 2449 609 2490 Ventroso
629 2448 804 2506 clypeus
815 2448 984 2491 'ferreus
1003 2448 1106 2491 orbe
1124 2456 1264 2506 tegat:

287 2559 295 2566 .
347 2523 536 2564 Dextera
555 2522 627 2564 sed
646 2522 828 2565 validam
849 2522 1073 2565 summavi
1094 2531 1288 2581 torqueat
1309 2522 1485 2573 hastam,

407 2596 596 2638 Pennata
616 2604 658 2638 et
676 2596 837 2653 galeam
859 2598 984 2639 crista
1003 2597 1286 2659 supervolitet.

348 2667 506 2711 Discite
525 2668 766 2727 belligeram
786 2669 977 2712 faciendo
995 2670 1160 2713 fortiter
1178 2678 1309 2712 artem
1326 2686 1336 2711 ε

406 2743 631 2786 Munitum
649 2748 768 2788 s'cu'to
788 2744 870 2787 tela
889 2744 1036 2787 timere
1054 2744 1182 2787 nefas.

842 2841 858 2855 ¹¹
874 2834 973 2866 Refer
988 2835 1028 2866 ad
1043 2834 1111 2866 Tit.
1128 2834 1184 2867 LI.
