1780 3178
351 237 408 282 74
747 222 1011 267 IoANNIS
1043 220 1280 265 s‘ronffl

729 346 770 393 5.
791 336 1054 394 Antiphanes
1074 335 1299 387 Θητεῦουσι.

411 413 543 463 Hera,
565 410 754 469 quisquis
771 419 1018 468 aspernatur
1030 410 1245 467 jurantem
1263 408 1442 450 'alterum

353 489 487 539 Quem
509 501 593 528 non
612 491 873 542 compertum
893 483 1055 526 noverit
1073 482 1264 540 perjurii,

352 563 541 604 Deorum
560 559 628 602 hic
647 558 858 616 aspernari
877 556 1216 609 sanctitudinem,

352 636 411 677 Et
431 634 520 692 ipse
539 633 743 690 pejerasse
763 639 982 689 suspectus
1000 629 1104 672 mihi
1124 639 1199 672 est.

715 707 754 748 6.
775 706 998 764 Sophocles
1017 703 1324 762 Hippodoemw.

408 779 536 821 Mens
554 777 725 820 excitari
737 776 1017 834 jurejurando
1036 776 1141 819 solet

354 854 418 895 Ut
435 852 535 894 bina
552 851 774 909 diligenter
793 850 920 893 evitet
939 849 1063 902 mala,

351 926 526 984 Culpari
545 926 700 978 amicis,
721 934 764 968 et
783 926 898 968 Deos
917 924 1138 967 offendere.

842 1007 882 1052 7.
902 997 1192 1055 Apollodorus.

409 1073 521 1115 Cum
540 1071 673 1130 flagra
691 1070 789 1124 sint,
802 1070 948 1127 jurare
967 1079 1017 1113 tu
1037 1083 1202 1112 servum
1216 1068 1367 1127 jubes?

849 1144 887 1184 8.
911 1143 1188 1200 Ant‘aesphames.

353 1217 491 1269 Furit,
513 1216 586 1274 qui
601 1214 904 1273 jusjurandum
923 1215 1061 1258 defert
1078 1201 1284 1273 improbo.
1309 1248 1322 1254 -

352 1293 512 1333 Contra
530 1290 588 1335 Di
609 1288 784 1340 faciunt,
804 1303 932 1345 quam
953 1287 1087 1332 solent
1106 1286 1361 1344 antiquitus:

351 1364 462 1405 Nam
483 1361 654 1404 simulac
673 1361 907 1418 pejeratum
926 1370 1002 1412 est,
1020 1360 1108 1402 ictu
1128 1359 1315 1402 fulminis

350 1436 592 1480 Percutitur
610 1435 646 1477 is
664 1434 739 1492 qui
750 1433 1054 1492 jusjurandum
1073 1432 1240 1485 detulit,

348 1510 504 1553 Merito
523 1507 772 1560 mehercule,
794 1495 994 1565 quoniam
1015 1514 1169 1549 temere
1189 1504 1382 1548 credidit.

790 1594 829 1636 9.
850 1580 997 1622 Alexis
1021 1579 1246 1636 Ohsnthiis.

350 1650 358 1660 ⁸
407 1655 491 1706 Qui
511 1654 692 1712 sapiunt,
713 1652 758 1694 hi
778 1667 862 1695 non
880 1651 1121 1708 hominibus
1134 1651 1394 1709 jurantibus,

352 1731 435 1774 Sed
454 1730 580 1773 rebus
599 1728 699 1786 ipsis
719 1742 883 1784 semper
901 1725 1166 1769 adhibebunt
1185 1724 1323 1767 fidem.

678 1813 744 1854 14.
767 1799 928 1858 Pythia
946 1798 1064 1857 apud
1082 1797 1358 1840 Herodotum.

408 1877 570 1920 Glauce
588 1873 839 1933 Epicydide‚
860 1872 1024 1915 lucrosa
1042 1879 1171 1929 atque
1190 1869 1306 1913 utilis
1324 1876 1387 1912 est
1407 1884 1474 1911 res

350 1953 405 1994 In
425 1965 606 2009 praesens
624 1948 813 1991 homines
825 1946 979 2005 juratis
996 1944 1141 1989 fallere
1160 1943 1294 1987 Divis.

350 2027 380 2068 J
384 2040 482 2067 ura:
515 2038 612 2066 nam
632 2032 771 2065 sancte
783 2021 976 2079 jurantes
993 2035 1118 2077 aequa
1135 2027 1278 2063 manet
1295 2031 1419 2061 mors.
1456 2070 1459 2073 ι

348 2100 414 2140 At
426 2098 667 2155 juramento
685 2094 881 2153 quaedam
901 2102 964 2136 est
983 2093 1070 2136 sine
1089 2091 1256 2153 nomine
1275 2090 1428 2149 proles,

347 2172 518 2213 Trunca
536 2183 698 2220 manus,
719 2176 762 2211 et
780 2177 929 2211 trunca
946 2166 1096 2224 pedes:
1129 2175 1269 2209 tamen
1288 2164 1443 2222 impete
1461 2178 1616 2221 magno

347 2243 552 2295 Advenit,
572 2253 700 2300 atque
718 2256 884 2285 omnem
903 2248 1041 2286 vastat
1059 2239 1314 2298 stirpemque
1334 2238 1604 2295 domumque.
1647 2264 1650 2267 -
1673 2287 1675 2290 Α

349 2316 471 2360 Felix
489 2316 708 2374 progenies
727 2323 866 2358 sancte
879 2313 1124 2372 jurantibus
1142 2324 1246 2355 orta.

723 2436 1027 2487 TITULUS
1058 2435 1311 2485 XXVIII.

812 2539 888 2578 DE
916 2537 1210 2579 PERJURJO.

870 2637 888 2665 1
897 2654 906 2664 .
928 2623 1162 2680 Stmhocles.

404 2697 591 2754 Abjurat
610 2697 712 2741 alios
731 2697 871 2740 denuo
892 2705 1040 2756 partus
1058 2695 1146 2754 pati
1216 2732 1217 2735 ,

350 2772 583 2814 Semanima
601 2772 773 2814 mulier:
808 2771 876 2814 sed
900 2770 1023 2814 simul
1043 2768 1164 2813 cessit
1183 2767 1317 2820 dolor,
