1780 3178
449 242 915 288 FLORILEGHJM:
944 244 1047 287 Tm.
1071 255 1137 302 79.
1390 257 1472 302 199

599 356 601 359 ’
691 357 763 400 lb.
785 358 915 401 Idm

200 434 350 475 Sancte
367 419 562 474 colendos
577 431 741 490 generis
758 441 1083 490 auotooes‘puta.

581 518 623 559 4.
644 505 763 547 Idem
781 502 1026 555 Erechtheo.

198 578 274 622 Nil
291 587 354 621 est
372 586 545 636 parente
563 578 731 622 charius
748 579 975 622 natis—suat

141 654 299 696 Amate
317 662 508 706 matrem,
528 653 660 696 liberi.
711 654 825 697 Nam
842 653 1006 696 dulcior

142 728 299 772 Nullus
317 743 490 771 suorum
508 742 638 786 quam
656 741 755 770 suos
773 735 955 785 erga—est
972 742 1101 770 amor.

656 813 698 857 5.
721 800 959 843 chanaone.

201 875 394 917 Honesta
411 888 522 916 mors
540 882 604 916 est
621 887 703 931 pro
716 872 963 931 parentibus
981 871 1098 914 mori.

639 947 679 997 6.
699 944 984 1005 Dicaeogcneo.

199 1019 285 1072 Tu,
305 1035 432 1077 quem
450 1028 647 1078 parentes
662 1019 899 1062 educarunt
917 1018 1078 1070 sedulo,

144 1094 271 1136 Nunc
289 1101 400 1136 recte
415 1093 573 1136 eisdem
591 1092 771 1151 gratiam
788 1091 932 1135 reddis
948 1105 1104 1149 parem.

643 1174 683 1221 7.
705 1166 982 1223 Antv'phmnes.

201 1240 401 1298 Quisquis
419 1240 553 1283 vereri
572 1239 694 1282 discit
710 1239 792 1291 ista
807 1238 983 1281 aetatula
1035 1294 1046 1301 ¹

146 1316 256 1358 Suos
272 1322 479 1373 parentes,
499 1313 651 1356 indolis
667 1313 739 1356 ille
756 1321 822 1356 est
838 1326 924 1354 non
942 1310 1075 1358 malae.

144 1389 210 1430 At
228 1387 418 1445 quisquis
429 1388 503 1445 jus
521 1396 563 1430 et
581 1401 754 1444 aequum
772 1400 858 1428 non
876 1392 1049 1443 praestat
1066 1383 1190 1442 patri,

147 1462 398 1504 contemnet
415 1460 527 1503 idem
546 1459 667 1503 facile
684 1466 898 1517 quotquot
914 1466 1015 1501 sunt
1032 1459 1160 1501 Deos.

665 1531 1045 1575 1b.1mertus.‘

200 1609 316 1650 Nam
334 1622 400 1649 res
417 1605 580 1664 pudore
598 1605 728 1664 digna
745 1614 809 1648 est
826 1613 990 1663 patrem
1003 1603 1190 1682 vincere:

147 1684 193 1725 A
212 1690 331 1740 patre
349 1677 474 1733 vinci,
494 1679 646 1724 nobilis
663 1679 849 1722 victoria.

669 1753 712 1795 8.
728 1752 959 1794 Philemon.

207 1829 281 1870 Tu
299 1842 368 1870 me
386 1826 598 1885 peperisti,
616 1835 761 1869 mater.
813 1825 878 1869 Sit
895 1824 1070 1868 feliciter

147 1899 247 1943 Tibi
265 1899 410 1943 fruisd
427 1899 559 1958 prole,
579 1908 656 1942 tua
673 1907 724 1942 ut
741 1899 876 1957 pietas
893 1907 1036 1941 meret.

702 1985 743 2030 9.
765 1975 926 2017 Julian.

207 2050 371 2093 Interea
387 2048 534 2091 infelix
554 2048 766 2091 Cadmum
783 2047 980 2105 portabat
998 2048 1150 2104 Agave

149 2124 182 2165 J
183 2138 251 2165 am
270 2122 497 2166 tremulum
517 2130 561 2165 et
578 2121 714 2164 multa
731 2121 968 2164 confectum
988 2127 1111 2162 aetate
1127 2125 1364 2177 parentem:

152 2196 233 2239 Ille
251 2211 359 2239 onus
376 2195 592 2254 egregium
610 2202 722 2236 natae
740 2193 899 2236 cervice
917 2192 1099 2236 sedebat.

534 2279 601 2309 10.
624 2266 847 2323 Scffihocles
867 2266 1100 2322 Ambigvna.

210 2342 278 2383 Te
296 2340 476 2383 dicerem
496 2338 689 2390 insanire,
709 2337 754 2379 ni
773 2336 938 2395 genitor
955 2337 1076 2378 fores.

496 2425 561 2454 11.
583 2412 780 2469 Scrsptor
798 2412 922 2452 aurei
939 2410 1155 2452 coerminis.

211 2490 414 2531 Aucmres
430 2487 594 2546 generis
611 2486 715 2538 cole,
735 2485 888 2527 deinde
906 2494 949 2527 et
969 2484 1169 2542 sanguine
1181 2484 1362 2541 junctos.

687 2570 752 2603 12.
774 2558 956 2615 Agatho.

214 2634 352 2684 Quam
371 2631 494 2674 duloe
512 2639 632 2674 natos
651 2645 739 2672 esse
753 2628 985 2686 morigeros
1003 2628 1129 2685 patri!

704 2716 765 2759 13.
787 2703 946 2745 Alexis.

214 2780 313 2835 Ego
331 2792 414 2820 non
434 2776 611 2819 sustinui
630 2787 804 2818 matrem
825 2774 1133 2829 derelinquere:

808 2863 834 2887 o
853 2859 882 2899 4
