1780 3178
370 259 425 312 84
771 254 1032 298 IOANNIS
1066 252 1304 296 STOBAEI

883 383 947 426 13.
970 370 1198 412 Homerus.

431 446 539 487 Care
560 460 688 495 socer,
708 453 790 486 stat
809 443 935 486 corde
956 443 1018 485 tui
1039 441 1271 484 reverentia
1289 449 1440 483 nostro.

936 532 999 573 14.
1021 519 1152 560 Idem.

432 594 515 636 Sed
534 609 694 644 vereor,
715 601 944 649 metuoque
965 591 1101 633 simul.

737 677 803 721 15.
824 666 1062 723 Euripides
1084 663 1348 722 Cresphonte.

427 742 466 782 Ο
487 751 596 790 nate,
618 739 661 781 in
680 738 810 782 oculis
829 738 1013 780 nascitur
1031 746 1171 780 castus
1189 736 1341 794 pudor.

886 811 949 853 16.
977 810 1207 868 Theognis.

430 884 562 927 Nulla
580 892 718 942 potest
737 883 876 926 animo
895 899 962 925 res
981 892 1067 926 tam
1086 883 1269 941 pretiosa
1287 880 1457 924 recondi

372 960 509 1011 Quam
530 958 691 1016 pudor:
725 958 815 1000 haec
834 958 911 1000 dos
930 966 993 1000 est
1012 957 1197 1015 propria,
1219 958 1378 1015 Cyme,
1397 954 1551 1014 probis.

910 1044 974 1088 17.
991 1032 1177 1090 Agatho.
1208 1070 1216 1076 .

432 1107 586 1149 Vultus
605 1106 758 1148 amicos
776 1121 968 1148 revereor
987 1106 1095 1148 male
1114 1105 1314 1148 conscius.

756 1272 1060 1330 TITULUS
1093 1272 1320 1320 XXXII.

809 1380 882 1418 DE
911 1378 1274 1418 IMPUDENTlA.

887 1486 921 1514 1.
945 1471 1202 1513 Menwnder.

432 1546 584 1588 Rubor
597 1546 686 1603 jam
707 1545 852 1603 periit:
885 1559 1030 1586 omnes
1047 1544 1228 1586 frontem
1247 1543 1484 1601 perfricant.

906 1630 943 1662 2.
964 1618 1183 1674 Diphilus.

430 1692 514 1743 Qui
534 1707 610 1734 nec
630 1691 776 1734 timere
796 1690 872 1733 scit
891 1706 967 1733 nee
987 1691 1245 1742 erubescere,

375 1765 461 1808 Hic
480 1765 752 1823 impudentiae
772 1764 914 1822 attigit
932 1764 1159 1822 fastigium.

945 1852 986 1895 3.
1009 1840 1139 1881 Idem.

429 1912 608 1955 Nullum
627 1912 873 1970 impudente
892 1922 955 1956 est
973 1913 1126 1956 animal
1140 1914 1428 1958 confidentius.

895 1987 957 2030 Ib.
982 1988 1183 2031 Incertus.

428 2062 669 2103 Damnosus
688 2060 828 2118 pudor
847 2070 909 2103 est
928 2061 972 2103 in
992 2078 1122 2119 regno
1141 2062 1427 2120 impudentiae.

373 2181 376 2184 ,
888 2146 929 2187 4.
957 2135 1188 2193 Theognis.

371 2208 508 2250 Frons
526 2207 674 2265 procul
694 2207 888 2250 humanis
907 2208 1011 2251 abiit
1030 2208 1084 2251 de
1104 2208 1273 2251 sedibus
1291 2209 1434 2252 exsul:

485 2282 527 2323 N
530 2297 576 2324 ec
595 2281 735 2339 pudor
754 2281 798 2323 in
817 2281 938 2341 terris
957 2281 1051 2339 quit
1070 2282 1252 2339 reperire
1266 2282 1418 2325 locum.

795 2366 835 2411 5.
858 2356 1098 2413 Euripides
1113 2356 1278 2398 Medea.

427 2429 526 2470 Non
546 2428 677 2470 robur
696 2427 838 2480 animi,
859 2427 996 2480 crede,
1018 2443 1094 2470 nec
1108 2428 1264 2471 fiducia
1283 2438 1359 2481 est,

370 2504 529 2545 Contra
548 2501 656 2545 tueri
676 2517 783 2559 quos
802 2502 957 2544 amicos
976 2501 1155 2545 laeseris:

370 2575 453 2619 Sed
473 2590 663 2625 summus
680 2575 839 2618 homini
860 2576 1033 2619 morbus
1051 2576 1325 2634 impudentia.

367 2648 526 2691 Verum
545 2648 662 2706 quod
681 2649 737 2691 ad
755 2643 832 2691 nes
850 2649 1035 2701 advenis,
1056 2657 1167 2691 recte
1186 2648 1298 2691 facis.

872 2722 911 2763 6.
940 2721 1198 2763 Theodectes.

426 2794 630 2835 Humana
648 2803 799 2836 cuncta
818 2802 916 2836 nata
936 2804 1035 2836 sunt
1055 2809 1277 2845 senescere,
