1780 3178
379 286 459 340 148
732 309 735 311 ,
780 286 1037 329 IOANNIS
1070 285 1310 329 STOBAEI

374 393 512 445 Tibia,
535 392 751 436 Mercurio
770 392 953 445 testudo,
974 403 1017 436 et
1035 391 1178 436 fistula
1196 393 1325 434 Pane.

376 468 486 511 Haec
505 482 584 524 ego
603 466 824 509 dictabam.
877 465 962 508 Sed
980 465 1041 508 nil
1060 480 1154 508 mea
1171 464 1357 507 carmina
1373 477 1524 506 curans

375 541 470 598 Ipse
489 556 596 598 puer
615 551 760 583 contra
778 555 860 591 me,
883 539 989 597 quid
999 537 1062 582 'sit
1080 553 1235 591 amare,
1255 538 1446 588 docebat,

377 614 687 672 Caelestumque
706 614 1010 671 hominumque
1026 613 1152 665 faces,
1172 612 1400 670 matrisque
1418 609 1666 668 triumphos.

378 688 445 730 Sic
464 688 594 731 oblita
612 688 714 730 mihi
735 687 860 730 docui
879 703 976 745 quae
995 686 1179 729 carmina
1197 687 1424 729 Amorem:

376 760 588 819 Quicquid
608 763 746 804 Amor
765 761 909 804 docuit
929 760 1103 804 memori
1123 760 1226 804 mihi
1246 769 1414 819 pectore
1434 757 1552 802 sedit.
1585 783 1587 786 .
1644 776 1646 779 ’

910 843 915 847 “
933 845 1000 891 27.
1023 835 1154 877 Idem.

434 910 638 966 Hespere,
659 895 746 966 quo
765 909 907 952 nullus
926 909 1079 951 Veneri
1099 907 1290 951 dilectior
1313 907 1437 965 ignis,

377 983 582 1039 Hespere,
604 982 793 1029 caeruleae
813 982 1068 1025 sanctissima
1084 981 1218 1024 noctis
1236 981 1391 1039 image,

376 1055 461 1106 Qui
482 1056 622 1097 Lunae
642 1055 754 1097 cedis
774 1065 981 1112 quantum
1003 1053 1080 1097 tibi
1100 1053 1236 1096 sidera
1254 1053 1426 1105 cedunt,

339 1160 351 1172 ,
376 1128 504 1171 Alme
523 1129 632 1180 fave,
654 1129 757 1170 mihi
775 1129 984 1171 formosus
1003 1128 1107 1171 dum
1126 1137 1269 1185 pastor
1287 1127 1430 1170 aditur
1442 1143 1461 1177 ;ι

377 1201 525 1258 Sitque
544 1201 646 1243 mihi
667 1210 742 1243 tua
759 1201 832 1243 fax
844 1186 992 1259 'Lunae
1011 1200 1123 1242 vice:
1156 1216 1253 1258 quae
1271 1200 1398 1242 modo
1416 1198 1601 1257 primum

376 1275 561 1332 Fulgere
581 1275 782 1332 incipiens
802 1275 942 1323 subito
959 1274 1122 1317 occidit.
1174 1274 1309 1316 Haud
1329 1289 1408 1331 ego
1426 1273 1498 1315 fur
1517 1287 1622 1314 sum.

376 1348 475 1388 Non
495 1357 556 1388 est
575 1347 692 1404 quod
711 1355 872 1390 metuat
891 1363 1001 1390 caeca
1019 1363 1087 1390 me
1106 1355 1227 1390 nocte
1244 1347 1404 1389 viator:

377 1423 535 1464 Verum
557 1438 677 1465 amo:
711 1423 845 1466 dulcis
864 1438 981 1466 amor
1000 1439 1066 1466 res
1084 1438 1169 1466 non
1187 1422 1363 1480 indigna
1381 1414 1525 1465 favbre
1544 1430 1622 1465 est.

903 1497 969 1541 28.
987 1499 1195 1540 Incertus.

435 1568 557 1610 Felix
577 1569 768 1627 quisquis
786 1578 914 1623 amat,
936 1571 1010 1613 sed
1028 1579 1194 1614 ametur
1213 1579 1263 1613 ut
1281 1570 1370 1628 ipse
1389 1569 1567 1612 vicissim
1584 1585 1595 1611 ε

376 1642 499 1685 Felix
519 1642 710 1685 Pirithoo
727 1643 916 1686 Theseus
935 1643 1158 1686 comitatus
1175 1643 1323 1696 amieo,

373 1717 496 1758 Tunc
516 1732 686 1774 quoque
705 1732 803 1758 cum
824 1716 937 1770 Ditis
955 1717 1167 1769 descendit
1187 1717 1244 1760 ad
1261 1717 1433 1759 horrida
1452 1731 1593 1774 regna.

375 1790 496 1832 Felix
518 1792 761 1834 Taurorum
780 1807 952 1849 quoque
971 1791 1127 1835 finibus
1145 1791 1265 1834 exsul
1285 1793 1454 1834 Orestes

375 1865 631 1907 Communes
651 1864 813 1923 Pylade
832 1880 992 1908 errores
1011 1874 1193 1909 sectante
1213 1865 1388 1907 viarum.

374 1937 496 1980 Felix
516 1938 714 1980 AEaeides
732 1938 832 1981 olim
852 1938 1018 1982 vivente
1037 1938 1183 1992 sodali,

374 2011 497 2054 Felix
516 2012 585 2054 ille
604 2012 730 2055 etiam
749 2012 943 2065 moriens,
964 2013 1033 2056 cui
1052 2013 1236 2071 contigit·
1248 2013 1372 2056 ultor.
1568 2055 1572 2059 ,
1676 2030 1718 2065 §.5

743 2122 751 2127 ,
776 2098 841 2140 29.
864 2087 1066 2129 illoschus
1086 2087 1310 2129 Bucolicis.

374 2214 377 2217 ῃ
431 2159 553 2201 Echo
571 2159 747 2201 vicinam
764 2161 862 2202 Pan
881 2160 1095 2217 corniger;
1128 2160 1218 2218 ipsa
1237 2159 1310 2202 sed
1330 2159 1452 2202 Echo

376 2232 604 2275 Saltantem
627 2234 850 2290 Satyrum;
884 2232 1054 2291 Lydam
1076 2232 1311 2290 Satyriscus
1329 2233 1507 2275 amabat.
1574 2281 1578 2285 ¹

374 2308 592 2358 Quantum
614 2307 732 2348 Pana
752 2306 888 2358 Echo,
911 2307 1090 2364 Satyrus
1110 2314 1274 2349 tantum
1295 2315 1454 2349 usserat
1472 2306 1602 2358 illam,

373 2379 434 2420 Et
455 2379 579 2436 Lyde
602 2380 817 2436 Satyrum.
869 2378 970 2422 Vice
989 2378 1230 2437 flagrabatis
1248 2394 1419 2422 amores.

374 2452 592 2503 Quantum
612 2451 791 2508 quisque
811 2467 935 2494 suum
954 2467 1052 2494 nam
1071 2452 1287 2495 fastidibat
1305 2461 1529 2506 amantem,

372 2524 663 2568 Tantumdem
682 2524 770 2582 ipse
790 2540 867 2567 suo
884 2524 1152 2568 fastidibatur
1169 2535 1318 2568 amato.
1684 2571 1689 2586 ζ

373 2599 472 2640 Hoc
491 2597 569 2639 sibi
587 2596 766 2646 crudelis
786 2597 1086 2641 documentum
1105 2607 1265 2640 sumat:
1297 2607 1507 2641 amantem
1685 2591 1724 2655 ly

373 2671 572 2729 Quisquis
591 2680 898 2724 amatur-amet,
921 2681 970 2714 ut
988 2687 1132 2714 amans
1149 2688 1320 2730 quoque
1338 2688 1485 2716 rursus
1501 2683 1694 2726 ametutc*
1711 2691 1725 2721 ζ

833 2746 1025 2803 Orpheus
1042 2746 1245 2803 Hymnis.

432 2816 645 2868 Praecluis,
667 2818 777 2861 alma
797 2818 953 2870 Venus,
975 2818 1162 2870 caelestis,
1183 2818 1281 2862 laeta
1298 2818 1451 2877 lepore,
1468 2852 1470 2855 -
1710 2845 1722 2875 =,
