1780 3178
492 231 1188 298 FLon1LEG1UM.¹r1-.r.'63.
1280 207 1283 210 ’
1425 245 1505 302 149

170 340 412 399 Undigena,
432 358 459 385 o
477 343 674 401 genitrix,
695 358 811 387 sacra
829 359 957 402 quam
976 354 1181 388 nocturna
1200 347 1423 401 celebrant,

168 417 378 475 conjuga,
398 418 664 482 pervigilans,
686 419 845 463 violans
863 431 991 479 atque
1009 421 1255 465 insidiatrix.

165 487 240 530 Nss
256 489 343 532 sine
362 499 418 542 te,
439 492 556 535 Dea:
587 502 636 536 tu
657 501 793 536 totum
814 503 890 538 tua
907 495 1018 538 sub
1000 511 1110 554 Juga
1128 496 1270 540 mittis.

159 563 241 606 'Tu
261 564 408 607 mundi
427 566 627 623 praefecta
645 567 881 621 trientibus,
903 569 1042 612 omnia
1059 570 1199 628 gignis

164 635 250 677 Per
268 636 402 694 spatia
419 637 505 680 alta
523 638 625 697 poli,
645 655 723 698 per
740 640 956 698 frugiferae
976 641 1063 684 sola
1082 651 1218 696 terrae,

163 709 248 751 Per
267 725 381 752 mare
398 711 639 765 velivolum,
661 713 816 756 Bacchi
835 715 1073 758 veneranda
1091 716 1256 768 sodalis,

164 782 273 833 Quae
291 782 472 841 dapibus
490 785 665 842 gaudes,
686 786 782 828 Dea
799 787 1006 844 pronuba,
1026 797 1160 831 mater
1177 790 1397 842 Amorum,

162 855 436 909 Lectisterna,
456 857 742 912 latebrituens,
766 859 960 912 Suadela,
981 861 1177 919 benigna,
1404 884 1407 885 ⁷

161 929 318 972 Proma
335 938 378 973 et
396 931 531 973 conda
549 931 718 974 eadem:
751 933 846 975 Dea
863 933 1057 990 patrima,
1077 935 1345 978 conciliatrix.

159 1001 230 1044 Tu
249 1002 365 1061 lupa,
385 1013 434 1047 tu
454 1004 616 1047 Divum
636 994 804 1063 Regina
822 1016 864 1048 et
885 1007 1235 1064 sponsepulatrix‚

161 1075 294 1118 Ortus
312 1085 455 1119 sancta
472 1093 636 1135 parens,
657 1078 808 1130 vitalis,
828 1079 997 1132 blanda,
1019 1079 1179 1123 virosa:

161 1150 269 1201 Quae
288 1149 440 1192 fraenas
458 1150 662 1204 homines,
682 1161 854 1210 portans
872 1153 1039 1196 effraene
1058 1155 1250 1206 Necesse,

160 1223 299 1281 Vique
319 1224 557 1283 Cupidinea
575 1225 791 1271 succendis
809 1226 917 1269 secla
934 1227 1131 1270 ferarum.

158 1297 307 1356 Cypri,
327 1298 422 1342 fave
441 1314 595 1357 magno
616 1302 727 1343 Jove
745 1311 936 1359 prosata:
970 1317 1042 1344 seu
1062 1318 1138 1360 per
1158 1303 1391 1362 Olympum

160 1370 392 1414 Sublimem
411 1371 568 1415 incedis
586 1373 709 1416 vultu
730 1373 874 1431 regina
893 1390 1050 1428 sereno,

159 1446 243 1487 Seu
267 1445 400 1504 Syriae
419 1446 496 1489 tibi
515 1447 673 1505 templa
690 1447 856 1505 placent
874 1448 1080 1491 fumantia
1099 1458 1208 1502 ture,

159 1519 245 1561 Seu
263 1533 386 1577 mage
402 1535 480 1578 per
497 1536 666 1579 campos
683 1522 840 1565 auratis
853 1533 973 1565 vecta
986 1524 1204 1582 quadrigis

157 1592 340 1651 AEgypti
359 1593 522 1636 veheris
539 1603 714 1653 propter
731 1595 931 1638 foecunda
948 1596 1121 1640 fluenta.

535 1668 713 1711 Prot-lue
732 1669 910 1726 Hymm)
936 1671 1116 1712 Veneris.

213 1739 423 1798 Reginam
444 1740 590 1799 Lyciae
607 1742 744 1799 gentis
764 1743 968 1785 Venerem
987 1743 1259 1797 celebramus,

157 1812 295 1870 Cujus
313 1829 394 1871 ope
412 1814 618 1857 auxilium
636 1815 747 1858 nacti
767 1825 1007 1874 certamque
1027 1817 1203 1860 salutem

157 1886 368 1930 Primores
387 1887 549 1945 patriae‚
571 1904 783 1931 sacrorum
802 1890 966 1932 conscia
983 1890 1124 1941 corda,

157 1961 278 2003 Urbe
298 1977 374 2003 sua
393 1971 583 2005 sanctum
602 1962 827 2005 delubrum
847 1963 926 2006 rite
945 1963 1152 2016 dicarunt,

156 2034 338 2077 Foedera
356 2044 469 2077 casta
487 2045 650 2087 notans,
670 2035 810 2078 animo
829 2051 926 2093 quae
945 2051 1112 2078 cernere
1131 2037 1219 2079 solo
1237 2048 1314 2090 est,

155 2108 361 2151 Caelicolae
381 2108 554 2151 Veneris
572 2109 829 2167 Volcanique
847 2109 1143 2167 ignipotentis:

154 2180 283 2223 Unde
302 2180 392 2234 tibi,
415 2181 523 2233 Dea,
543 2196 695 2224 nomen
714 2181 934 2239 Olympia:
965 2197 1147 2240 namque
1166 2193 1241 2225 tua
1259 2183 1302 2224 vi

154 2255 324 2297 Vastam
343 2254 561 2313 pernitiem
584 2270 695 2313 saepe
714 2269 893 2306 evasere,
914 2263 1102 2297 tenentes

152 2327 364 2371 Virtutem
382 2336 479 2371 ante
497 2327 652 2370 oculos.
703 2327 924 2370 Foecundo
942 2327 1101 2386 quippe
1120 2328 1248 2371 cubili

152 2401 438 2445 Exoriebatur
454 2401 627 2444 robusta
644 2417 693 2444 ac
711 2401 889 2460 provida
907 2401 1060 2460 proles,

152 2473 335 2532 Vitaque
352 2474 516 2519 ridebat
535 2474 689 2532 passim
712 2483 908 2518 vernante
928 2489 1083 2517 sereno.

151 2548 281 2590 Nunc
298 2563 483 2605 quoque,
503 2547 603 2590 diva
619 2547 778 2599 favens,
798 2557 951 2590 nostrae
970 2562 1072 2606 cape
1091 2547 1202 2590 dona
1222 2549 1445 2591 Camoenae.

153 2621 350 2678 Namque
368 2629 412 2663 et
430 2635 506 2663 nos
525 2621 661 2679 Lycio
679 2620 733 2663 de
753 2620 955 2678 sanguine
974 2620 1177 2663 duximus
1195 2631 1348 2664 ortum.

153 2696 268 2737 Arce
286 2693 465 2736 animam
485 2694 650 2752 probris
669 2704 710 2737 et
729 2694 892 2737 honesti
914 2695 1071 2752 subjice
1091 2695 1293 2750 flammas,

154 2767 394 2824 Terrigenae
413 2767 571 2824 pellens
590 2767 791 2810 furiatum
813 2766 927 2808 virus
946 2768 1123 2810 Amoris.

846 2854 918 2897 ¹²3
