1780 3178
390 244 472 301 298
781 243 1044 287 IOANNIS
1075 245 1319 288 STOBAEI
1387 269 1397 282 2

847 357 885 399 8.
902 359 1020 400 Idem
1042 360 1261 403 OEnomcw.

442 429 586 472 Etiam
605 429 799 487 voluptas
817 429 943 472 rebus
962 429 1123 473 afflictis
1141 447 1217 473 sua
1235 440 1312 484 est,

386 503 520 546 Genae
538 503 753 545 madentes
769 512 897 560 atque
915 503 1168 546 lamentatio.

381 576 578 633 Namque
596 575 676 618 ista
694 575 892 619 minuunt
910 576 1046 618 cordis
1064 576 1368 628 anxietudines‚

383 651 598 707 AEstuque
616 649 746 692 nimio
764 659 912 707 pectus
931 650 1144 692 obsessum
1163 650 1318 693 levant.

853 737 892 780 9.
914 724 1033 766 Idem
1053 724 1245 781 Phryxo.

440 797 526 838 Cor
541 795 781 838 hominibus
801 804 952 838 natura
971 805 1057 838 tam
1077 805 1267 839 tenerum
1287 796 1419 850 dedit,

382 870 444 911 Ut
457 869 556 927 jure
575 868 671 926 quis
690 869 743 911 sit
762 884 907 920 caesus,
928 869 1046 910 haud
1064 869 1202 911 minus
1221 870 1301 912 hoc
1322 886 1420 912 suos

383 943 471 986 Sibi
490 943 669 1001 quisque
688 943 876 986 ademtos
894 943 1090 1000 prosequi
1109 943 1334 1002 lachrymis
1353 950 1480 988 amat.
1552 978 1554 980 ψ
1624 977 1626 981 f

797 1030 861 1060 10.
880 1018 1102 1076 Sophocles
1127 1019 1302 1061 Teucro.

842 1092 967 1144 Nate,
989 1107 1117 1149 quam
1136 1093 1318 1135 mendax
1340 1093 1402 1136 tui

383 1165 460 1206 Me
479 1163 592 1206 fama
610 1180 725 1207 casso
744 1164 888 1207 mulsit
906 1164 1181 1208 oblectamine
1290 1217 1293 1219 ‚

379 1237 536 1280 Vivum
555 1248 605 1281 ut
623 1242 832 1296 putarem!
865 1238 938 1281 sed
957 1239 1046 1281 fera
1064 1238 1264 1297 imposuit
1283 1240 1387 1282 mihi

379 1311 656 1354 Tenebricosa
675 1310 808 1353 Furia
825 1310 940 1356 falsis
958 1311 1137 1368 gaudiis.

940 1399 959 1427 1
969 1397 1004 1427 1.
1028 1385 1160 1427 Idem.

437 1459 489 1500 A.
512 1457 578 1500 Illi
595 1466 783 1515 peremto
801 1457 1000 1500 commori
1019 1458 1145 1516 cupio
1164 1457 1302 1501 miser.

380 1533 434 1574 B.
459 1533 653 1590 Sequere.
703 1533 770 1574 Ne
789 1540 838 1575 tu
858 1547 1018 1574 accerse
1037 1531 1154 1590 quod
1171 1532 1261 1574 fato
1278 1540 1431 1575 manet.

888 1619 952 1651 12.
975 1607 1212 1648 Philemon.

437 1678 551 1730 Quid
570 1678 759 1736 proficis?
788 1693 865 1721 nec
883 1678 1042 1720 hilum:
1075 1686 1119 1721 at
1138 1678 1297 1721 interea
1314 1686 1454 1721 tamen

379 1755 444 1797 Ut
463 1754 586 1797 arbor
604 1769 743 1812 poma,
765 1753 821 1796 sic
839 1752 959 1796 dolor
978 1752 1212 1810 lachrymas
1230 1751 1356 1810 parit.

755 1915 1058 1964 TITULUS
1092 1914 1339 1963 CXXIII.

829 2030 902 2067 DE
931 2029 1263 2069 SEPULTURA.

792 2139 827 2165 1.
849 2125 1087 2181 Euripide-9
1107 2124 1296 2181 Polyide.
1326 2168 1333 2180 ,

493 2199 632 2241 Stulta
651 2214 767 2240 mens
781 2196 1021 2240 mortalium

376 2274 476 2316 Non
495 2272 716 2316 sentientes
736 2271 943 2314 sumtibus
963 2268 1113 2313 Manes
1131 2270 1246 2328 colit⁰>

769 2358 808 2388 2.
828 2345 1069 2387 Menander
1089 2345 1326 2386 Perinthia.

432 2421 664 2476 Nunquam
683 2418 852 2460 laudavi
873 2426 1135 2459 sumtuosum
1156 2425 1394 2458 mortuum:

373 2494 569 2550 Namque
587 2492 630 2534 in
650 2491 761 2534 idem
779 2505 876 2533 cum
895 2489 967 2532 vili
986 2499 1114 2546 atque
1133 2498 1342 2531 contemto
1359 2489 1481 2531 redit.

853 2618 856 2622 A
902 2578 942 2620 3.
964 2564 1169 2606 illoechz'o.

431 2639 667 2682 Permittite
685 2654 785 2696 ergo
804 2647 991 2681 mortuos
1012 2647 1121 2679 terra
1140 2637 1240 2694 tegi,

373 2714 435 2755 Et
454 2711 567 2755 unde
585 2720 736 2754 nostrae
756 2710 956 2768 quodque
975 2718 1137 2752 naturae
1157 2718 1220 2751 est
1239 2709 1385 2751 datum

374 2785 442 2827 Eo
461 2783 622 2826 reverti.
670 2785 858 2841 Magnus
876 2783 1006 2827 aether
1026 2783 1232 2840 spiritum,
