1780 3178
474 247 940 300 FLORHLEGIUM.
971 250 1072 298 Τιτ.
1095 263 1163 308 97.

156 359 222 402 lta
240 367 518 418 temperatum
536 362 705 405 musicis
723 362 1007 415 concentibus,

157 434 280 477 Laeta
299 443 348 478 ut
366 434 523 478 valeret
538 435 735 494 duraque
753 452 807 485 ex
826 452 950 501 aequo
968 436 1068 494 pmi-

155 507 362 560 Primum,
383 508 500 566 quod
518 509 736 552 homines
726 519 836 553 mter
855 525 957 553 usus
975 510 1146 554 maximi
1164 520 1241 565 est,

149 578 302 629 Essem
321 581 556 640 expeditu&
577 591 721 626 ventre
740 598 826 626 non
842 583 955 626 farto
973 583 1119 628 nimis:

108 706 110 708 V
153 656 359 712 Aquam
342 666 514 713 juvaret
530 657 690 709 bibere,
710 657 785 715 qui
805 673 895 700 mos
914 667 976 701 est
994 659 1107 711 feris,

157 729 370 787 Hyemem
388 729 531 773 labore
548 730 725 788 pellere:
757 731 923 778 aestivos
941 732 1031 790 pati

157 801 264 844 Solis
282 802 451 855 calores,
472 819 646 861 corpote
663 804 781 849 haud
801 805 1046 854 umbratico.

155 877 282 919 Nunc
299 876 380 920 ista
397 877 507 922 ferre
524 878 730 931 1830111115,
749 879 936 937 ignaruS,
958 892 1098 924 tamen

155 950 227 992 En
244 950 352 993 ferre
370 967 509 1009 cogor.
557 952 740 996 Thressa
757 952 792 998 si
811 953 918 996 vatis
936 954 1042 997 fides

155 1023 336 1065 Carmen
356 1032 519 1066 sonaret
539 1033 581 1067 et
602 1024 848 1070 Novensiles
866 1026 990 1078 Deae‚

155 1096 255 1137 Non
273 1105 418 1139 venter
437 1097 718 1154 istalaudireu
751 1113 845 1145 esca
862 1098 922 1146 1111
942 1107 1005 1145 est
1023 1115 1143 1157 opus.

667 1170 731 1216 18.
754 1172 986 1219 Philemon.

212 1250 233 1280 <³
247 1243 346 1299 Ego
364 1242 653 1286 mediusfidius
666 1243 920 1295 arbitrabar,
938 1245 1081 1298 Sosia,-

156 1316 276 1359 Solos
294 1333 446 1375 egenos
466 1319 606 1363 vivere
624 1320 670 1362 in
689 1321 940 1364 moeroribus

154 1391 216 1433 Et
235 1389 452 1441 tristitate;
484 1401 528 1435 at
545 1403 706 1446 contra,
728 1393 858 1443 vitam
874 1394 1060 1437 divitum
1128 1418 1131 1421 ·

155 1465 333 1522 Leporis
351 1481 438 1507 esse
457 1465 623 1523 plenam
641 1475 770 1524 atque
788 1466 1082 1510 hilaritudinis.

155 1539 283 1581 Nunc
302 1538 566 1585 differitatem
578 1541 709 1595 *video
727 1540 857 1585 solam
876 1550 1006 1599 atque
1025 1542 1189 1589 unicam

154 1612 409 1663 Quotidiano
426 1613 471 1655 in
491 1622 634 1658 sumtu
653 1623 695 1658 et
709 1614 903 1658 dimenso
922 1614 1067 1663 sitam:

153 1687 218 1728 At
236 1684 333 1743 plus
351 1686 505 1729 habere
525 1687 639 1730 taedii
659 1688 734 1745 qui
753 1688 850 1746 plus
868 1688 1038 1741 habent.

716 1775 781 1817 19.
802 1762 951 1804 Idem.=

145 1850 150 1854 -
212 1840 227 1860 ¹
239 1832 608 1877 Incommoditates
626 1834 782 1877 multas
798 1834 959 1878 divitiae
978 1835 1188 1878 adferunt.

155 1905 381 1948 Suboritur
399 1906 560 1959 odium,
580 1907 752 1959 invidia,
772 1909 1037 1962 contumelia,

154 1979 431 2037 Negotiorum
453 1981 721 2024 taediosorum
741 1997 873 2039 seges,

154 2054 215 2095 Et
234 2047 350 2096 unda
367 2068 523 2105 rerum,
543 2062 586 2095 et
604 2053 741 2107 victus
758 2055 984 2113 aggeratio-

153 2125 242 2167 Res
260 2140 383 2182 agere
401 2140 563 2183 semper
582 2125 742 2178 solitus,
763 2127 945 2170 animam
964 2143 1064 2171 mox
1082 2129 1185 2186 agit,

154 2198 268 2255 Opes
285 2197 485 2240 fruendas
502 2197 695 2256 linquens
713 2199 872 2243 haeredi
891 2216 979 2243 suo.

154 2272 294 2322 Quare
313 2286 380 2313 me
399 2271 541 2329 potius
559 2287 788 2330 pauperem
807 2273 890 2316 dici
902 2274 1042 2330 juvat,

154 2345 215 2387 Et
233 2360 368 2402 pauca
386 2345 540 2388 habere
558 2354 601 2387 et
619 2360 704 2388 non
724 2344 947 2389 sollicitum
966 2346 1120 2398 vivere,

153 2419 245 2460 Nec
264 2418 419 2461 divitiis
436 2429 636 2462 onustum
654 2434 730 2462 nec
750 2419 938 2477 negotiis.

154 2493 264 2534 Nam
283 2492 419 2535 multa
435 2492 544 2536 mala
562 2493 942 2551 compendifaciam
961 2509 1177 2552 pauperes.

369 2622 385 2643 ιΙ
398 2616 498 2648 Refer
511 2617 552 2648 ad
565 2616 633 2648 Tit.
651 2617 776 2648 XCIII.
1107 2624 1120 2639 ¹
1132 2618 1268 2653 Eadm.

1404 263 1484 317 283
