1780 3178
487 239 956 284 FLORILEGIUM.
986 240 1092 284 Trr.
1111 243 1184 299 63.
1421 249 1500 299 153

227 348 418 392 Alitibus
434 347 590 407 laquei,
610 347 717 392 retia
733 355 851 391 tensa
868 347 982 401 feris,

170 423 416 482 Virginibus
433 423 623 476 caluisse,
642 421 755 465 viris.
805 423 845 466 O
864 423 896 465 J
899 422 1083 481 uppiter,
1103 439 1130 466 o
1147 439 1239 475 rex,

228 497 327 540 Non
347 512 428 556 ego
446 512 540 540 sum
559 496 672 539 solus
683 512 697 539 ε
722 504 769 549 te
787 511 958 554 quoque
976 496 1077 540 vicit
1094 498 1243 546 Amor.

774 570 904 612 Idem.

231 643 391 686 Venisti
410 642 580 686 tandem
598 651 694 702 post
713 652 798 685 tres
815 650 1041 700 noctesque
1059 643 1247 701 diesque,

175 720 214 762 Ο
230 734 359 777 puer:
391 727 436 761 at
453 717 625 761 miseros
642 716 719 761 lux
738 731 825 759 una
842 716 1025 759 absumit
1042 726 1240 760 amantes.

775 794 905 836 Idem.

232 868 436 927 Aspirent
455 867 617 910 utinam
635 866 776 910 faciles
794 867 1000 909 ambobus
1019 882 1194 920 amores,

175 942 360 988 Nomina
378 941 545 985 venturi
564 941 775 985 celebrent
793 949 843 984 ut
861 949 1003 984 nostra
1020 951 1206 1000 nepotes.

735 1013 948 1059 Moechiae.

234 1089 454 1132 Amissum
470 1103 608 1147 nuper
625 1089 807 1132 clamans
824 1089 970 1132 Venus
986 1089 1112 1132 anxia
1129 1099 1275 1132 natum
1289 1106 1302 1132 :

178 1162 352 1221 Ecquis,
372 1162 446 1215 ait,
467 1161 600 1205 triviis
617 1161 830 1221 palantem
847 1161 955 1205 vidit
973 1164 1204 1205 Amorem?

178 1236 260 1280 Ille
278 1252 372 1280 erro
389 1252 510 1280 meus
526 1244 601 1279 est.
652 1236 842 1279 Pretium
861 1237 1022 1295 grande
1039 1238 1202 1280 auferet
1218 1238 1365 1291 index,

179 1310 397 1353 Basiolum
415 1310 616 1353 Veneris:
647 1310 722 1353 sed
739 1310 850 1353 enim
870 1325 955 1353 non
973 1311 1090 1354 basia
1107 1320 1272 1355 tantum

181 1383 263 1427 Ille
280 1385 401 1437 feret,
420 1399 602 1442 puerum
621 1383 864 1442 quicunque
880 1383 1120 1437 adduxerit,
1139 1385 1302 1443 hospes.

183 1456 346 1516 Viginti
364 1457 409 1500 in
426 1457 570 1516 pueris
586 1456 720 1500 facilis
737 1471 846 1515 puer
861 1456 932 1499 ille
951 1465 1111 1500 notatu.

185 1532 345 1589 Igneus
363 1530 408 1573 in
426 1530 551 1573 vultu
569 1529 683 1573 color
701 1538 778 1582 est,
798 1545 884 1573 non
903 1530 1130 1573 candidus:
1161 1530 1259 1589 igne

184 1604 371 1647 Lumina
388 1604 489 1647 bina
506 1603 687 1647 micant:
719 1618 837 1646 mens
854 1603 1060 1662 improba,
1080 1604 1236 1647 blanda
1254 1605 1420 1664 loquela
1431 1624 1445 1650 z

185 1679 285 1721 Non
303 1678 421 1736 quod
440 1678 578 1731 sentit,
598 1678 711 1722 idem
729 1678 845 1728 fatur
863 1693 1056 1736 quoque:
1088 1679 1236 1722 mellea
1254 1696 1337 1723 vox
1357 1692 1433 1734 est,

186 1753 253 1795 At
269 1767 342 1795 cor
359 1745 633 1811 implacidum
652 1752 816 1810 quoties
832 1752 960 1795 furit:
991 1753 1220 1806 insidiator,

188 1827 422 1885 Nunquam
439 1842 539 1870 vera
555 1826 745 1886 loquens,
766 1842 923 1886 pravus
939 1842 1060 1885 puer,
1080 1843 1227 1886 aspera
1243 1829 1366 1872 ludit.

190 1900 388 1958 Crispula
405 1900 615 1944 caesaries:
647 1900 765 1943 nulla
782 1909 845 1943 est
863 1901 1094 1944 reverentia
1110 1902 1253 1947 fronti.

191 1974 388 2031 Utraque
406 1988 539 2031 parva
556 1988 720 2025 manus,
741 1973 814 2016 sed
832 1972 957 2031 longe
976 1973 1100 2016 docta
1116 1974 1241 2018 ferire

193 2049 315 2106 Ipsas
333 2063 468 2106 usque
486 2048 598 2091 fores
617 2047 716 2092 Orci
732 2058 860 2106 atque
879 2049 1115 2092 Acherusia
1133 2065 1276 2108 regna.

194 2124 382 2180 Corpore
400 2122 544 2166 nudus
558 2122 669 2181 agit:
702 2138 820 2166 mens
838 2123 991 2181 quaerit
1009 2131 1118 2166 tecta
1130 2123 1324 2168 latebras.

195 2197 325 2241 Alitis
340 2197 426 2240 huc
445 2197 546 2239 illuc
564 2197 696 2240 instar
711 2197 840 2249 volat,
860 2197 988 2255 inque
1005 2197 1180 2254 puellam,

196 2270 336 2328 Inque
355 2269 467 2312 viros
483 2269 633 2321 fertur,
653 2269 769 2312 sedet
786 2268 895 2311 intra
914 2268 1071 2311 viscera
1089 2269 1270 2312 tandem.

197 2345 339 2386 Arcus
356 2358 514 2401 parvus
531 2342 673 2386 adest:
704 2351 747 2385 et
765 2342 810 2385 in
828 2357 928 2385 arcu
948 2341 1099 2384 missile
1118 2343 1263 2395 telum,

199 2416 298 2458 Hoc
308 2430 479 2474 quoque
492 2430 577 2457 non
591 2429 792 2473 magnum
806 2431 818 2464 ;
841 2429 1051 2457 summum
1067 2416 1139 2458 sed
1155 2415 1197 2457 in
1213 2416 1368 2459 aethera
1379 2418 1528 2461 fertur,

200 2490 410 2532 Auratam
429 2488 554 2531 dorso
571 2488 807 2546 pharetram
828 2487 959 2545 gerit:
991 2487 1105 2530 intus
1123 2490 1273 2532 acerba

203 2561 374 2620 Spicula
391 2562 646 2614 conduntur,
665 2561 785 2620 queis
802 2576 869 2603 me
885 2577 1055 2618 quoque
1074 2561 1266 2604 vulnerat
1283 2562 1427 2620 ipsam.

205 2637 314 2678 Haec
332 2635 518 2678 crudelia
535 2643 707 2678 cuneta:
741 2634 813 2677 sed
832 2644 894 2676 est
913 2634 1120 2677 crudelior
1137 2635 1217 2676 illis

206 2709 314 2759 Fax,
334 2723 431 2765 quae
448 2723 579 2766 parva
596 2707 705 2760 licet,
726 2707 842 2751 novit
862 2715 1000 2750 tamen
1024 2723 1140 2749 urere
1163 2708 1311 2750 Solem.

210 2783 342 2825 Hunc
361 2790 408 2825 tu
429 2782 462 2824 si
482 2782 680 2834 invenias,
701 2781 888 2825 strictum
909 2796 1031 2839 rape:
1063 2796 1234 2839 parcere
1249 2782 1347 2824 noli.
