1780 3178
468 287 919 331 FLORILEGIUM.
949 287 1051 331 Trr.
1074 303 1142 346 99.

138 399 271 443 Multi
290 400 434 444 dolore
451 401 580 444 vitam
600 402 847 444 ademerunt
864 401 958 454 sibi,

137 473 254 516 Dum
276 490 391 533 spem
411 475 556 518 salutis
573 483 744 534 superat
762 474 865 518 lucti
883 475 1065 518 vastitas.

159 571 161 573 ·
651 559 691 590 2.
717 548 951 591 C‘leoenetus.

193 621 305 663 Cum
323 619 444 663 dolor
462 629 505 663 et
522 620 781 678 irapectoris
800 620 940 663 sedem
955 628 1133 678 occupat

137 694 296 746 Πιιαιῐι,
316 693 480 737 furores
496 693 595 736 inde
612 694 802 752 generari
821 693 967 736 solent.

532 778 574 822 3.
595 765 815 808 Philemon
834 766 1074 824 Retegente.

190 837 336 880 Eheu!
367 853 549 896 namque
567 837 660 896 ipsa¹
676 847 926 895 suggerente
943 838 1108 880 nemine

132 910 326 954 Tristitia
342 926 485 954 vooem
504 919 727 968 extorquet
744 910 853 953 hanc
870 909 1129 972 lugentibus.

131 983 256 1035 Quod
278 983 312 1026 si
331 983 426 1041 quis
444 983 555 1026 salve
567 983 680 1026 dicat
696 983 893 1026 moerenti
906 983 1071 1035 obvius,

132 1056 300 1099 Salvere
318 1072 434 1108 voce,
453 1071 598 1114 reapse
615 1055 716 1098 flere
733 1055 852 1098 illum
867 1056 1003 1113 jubet.

642 1141 684 1182 4
705 1130 955 1187 Εωὴνὶᾱθθ·

187 1201 440 1259 Quicunque
458 1202 620 1244 luctum
638 1211 725 1244 tam
743 1216 915 1259 gravem
933 1210 1092 1259 pestem
1110 1209 1318 1251 autumat,

131 1276 197 1319 Ut
215 1276 366 1319 debeat
385 1276 439 1319 de
457 1276 610 1321 montis
627 1283 703 1318 aut
722 1275 811 1319 saxi
823 1276 934 1333 jugo

132 1350 186 1392 Se
198 1349 338 1406 jacere
357 1348 596 1407 quisquam,
616 1363 701 1390 non
720 1348 839 1406 sapit.
891 1348 1048 1391 Merito
1066 1357 1206 1391 tamen

129 1423 269 1465 Tanto
287 1438 434 1465 vacare
453 1437 615 1479 semper
633 1429 806 1479 exoptes
821 1420 946 1463 malo.

646 1504 688 1551 5.
709 1493 940 1544 Philemon.

186 1569 252 1611 Ita
269 1568 440 1626 quando
459 1577 639 1610 mentem
660 1566 849 1624 trepidus
866 1565 1030 1609 obsedit
1047 1581 1192 1624 pavor,

129 1642 405 1700 Expectorari
424 1656 500 1684 nec
519 1639 786 1684 dormitando
803 1648 953 1697 potest.

658 1714 698 1755 6.
719 1714 928 1755 Incertus.

187 1789 391 1832 Morbum
410 1803 539 1846 quam
559 1787 796 1830 tristitatem
814 1786 1001 1829 exantles
1018 1785 1193 1829 facilius.

639 1872 678 1915 7.
700 1860 953 1902 mender.

188 1938 237 1980 In
256 1937 355 1979 vitae
374 1937 569 1978 humanae
589 1943 652 1977 tot
668 1933 1039 1977 cruciabilitatibus

132 2009 325 2053 Tristitia
338 2009 471 2067 major
488 2007 606 2051 nulla
622 2007 793 2065 reperiri
811 2015 961 2064 potest.

531 2082 569 2123 8.
591 2080 831 2137 Euripides
851 2079 1069 2122 OEnomao.

189 2157 288 2214 Ego
306 2155 414 2197 illud
432 2165 529 2197 ante
548 2162 700 2196 cuncta
717 2151 962 2195 discendum
980 2160 1100 2210 puto,

132 2230 262 2272 Ferre
279 2227 396 2270 haud
413 2234 585 2284 gravate
603 2225 638 2267 si
654 2224 760 2282 quid
779 2224 917 2266 evenit
934 2223 1045 2266 mali.

133 2305 232 2346 Hoc
251 2302 325 2361 qui
344 2302 420 2344 scit
437 2301 525 2359 ipse
544 2309 607 2342 est
624 2298 784 2350 melior,
804 2307 847 2340 et
864 2298 1058 2340 mordent
1075 2297 1214 2340 minus

131 2378 248 2419 Eum
266 2375 439 2418 dolores.
490 2375 582 2417 Nos
600 2372 673 2416 sed
691 2371 835 2415 isthaec
853 2371 991 2414 dicere

134 2449 345 2493 Callemus
363 2463 531 2491 omnes:
562 2447 697 2489 faeere
716 2446 898 2504 podtum
918 2444 962 2487 in
981 2444 1116 2487 arduo
1133 2451 1207 2486 est.

248 2505 256 2508 ’
686 2533 726 2575 9.
747 2519 906 2561 Alexis.
1252 2504 1257 2506 ⁴

191 2595 379 2638 Tristitia
397 2609 493 2637 cum
512 2594 654 2636 furore
672 2592 800 2634 habet
813 2589 1117 2634 commercium.

635 2679 701 2709 10.
722 2665 970 2723 Euripides.

191 2741 378 2785 Tristitia
396 2740 562 2782 morbos
580 2737 761 2796 parturit
779 2736 1035 2779 mortalibus.

769 2825 838 2867 ¹²3

1387 301 1468 345 245
