1780 3178
10 234 16 290 ἴ
79 263 136 314 τίς
155 263 280 322 γὰρ
251 282 297 306 αν
316 263 424 316 ἦττον
444 276 515 318 24,
530 277 599 320 14.

11 324 18 338 “·
79 320 138 370 τίς
153 324 316 378 γὰρούκ
340 334 436 373 120,
451 323 518 364 26.

12 396 13 400 ¹
78 377 136 427 τίς
154 395 185 433 γ
252 379 347 427 τίς’
326 381 414 435 ανὴρ
435 379 508 434 98,
516 363 587 437 35.

10 469 13 474 .
78 434 229 484 τίςδόι
252 452 286 476 εν
310 436 490 487 120,18.

8 520 12 534 ,s
77 491 134 540 τίς
149 493 178 532 δ’
198 491 294 541 οἶκος
312 493 385 547 67,
397 505 442 548 5.

7 555 11 579 ³
77 548 133 597 τίς
153 550 182 590 δ’
203 550 289 605 οὐκ)
306 560 381 606 532
397 562 436 605 9·
478 550 604 605 78‚4

76 605 131 655 τίς
149 606 186 647 δὲ
205 606 285 656 βίος
303 607 459 662 63,16.

76 662 132 711 τίς
153 662 190 704 δέ
209 681 261 704 κα
277 663 352 719 38,
369 675 440 705 21.

75 720 132 768 τίς
151 719 187 760 δὲ
205 722 270 770 τὴν
287 726 361 762 τῶν
376 733 528 774 44,11.

4 799 6 802 -
74 777 131 825 τὶς
150 776 190 827 δῆ
209 778 290 818 τοτ’
314 787 412 832 105,
423 789 497 830 42.

75 833 133 882 τίς
152 834 258 882 δῆθ’
241 851 305 890 vy.
324 834 396 885 68,
413 846 454 877 2.

75 890 131 940 τίς
151 889 210 932 οὗν
228 893 247 931 ὁ
249 890 394 962 τρόπος
416 903 486 946 29,
498 903 570 947 93.

74 947 133 996 τίς
153 946 212 989 οὖν
226 964 320 988 ουτω
338 949 411 1000 46,
422 960 496 1003 51.

73 1005 130 1053 τίς
149 1003 250 1053 οὗτος
273 1015 372 1056 102,
386 1006 428 1046 6.

75 1061 230 1104 τίσασθε
247 1060 372 1132 74,,6.

74 1120 118 1161 τὸ
137 1119 193 1160 ἀεὶ
209 1117 361 1171 μέλλειν
381 1130 452 1172 29,
468 1117 539 1172 67.

0 1219 11 1287 ξ.
74 1193 117 1274 ΞΞ
135 1174 440 1305 ζζζεὲζτξὲθέἷκῗ
446 1232 545 1282 116,
557 1243 630 1287 30.

0 1292 4 1329 ἱ
73 1290 117 1331 τὸ
140 1292 218 1345 γὰρ
237 1286 440 1360 ἄπραγμον
444 1297 502 1385 8,7
519 1301 586 1343 19.

0 1340 5 1402 ἒ
73 1348 117 1390 τό
136 1347 214 1401 γὰρ
233 1344 395 1415 βρέτειον
415 1345 469 1399 98
471 1358 568 1400 ‚49-

0 1418 5 1450 ζ
73 1405 116 1446 τὸ
138 1404 218 1459 γὰρ
235 1401 402 1456 διάφορον
421 1412 493 1456 97,
506 1403 549 1443 6.

0 1454 28 1493 ι’·
74 1459 117 1502 vd
135 1462 213 1515 γὰρ
234 1458 384 1500 εἰωθότα
399 1470 475 1512 49,
480 1471 554 1514 33.

0 1504 6 1544 3¹
73 1518 117 1559 τό
136 1518 214 1572 γὰρ
234 1516 492 1567 ἐξαπατᾶσθαι
512 1525 668 1571 23,17.

0 1554 13 1606 -b
73 1575 117 1615 τὸ
135 1575 215 1629 γὰρ
234 1572 331 1613 &mar
348 1584 421 1626 54,
433 1572 507 1627 38.

98 1631 214 1685 ὂγοὶρ
230 1628 445 1670 &audeo-eu
465 1642 536 1684 99,
551 1641 621 1686 21.

0 1612 98 1738 5
73 1688 117 1729 τὸ
135 1689 214 1742 γὰρ
234 1684 273 1726 εὖ
295 1685 393 1736 106,
410 1697 478 1726 12.

0 1742 6 1769 Ι
73 1745 116 1786 τὸ
136 1746 216 1799 γὰρ
233 1740 319 1792 ὅλην
338 1753 495 1798 30,17.

0 1811 6 1855 7²
74 1802 117 1842 τὸ
135 1802 214 1855 γὰρ
229 1799 417 1870 προθύμως
437 1810 508 1850 22,
523 1799 596 1855 30.

7 1872 9 1874 ·
74 1859 117 1899 τὸ
131 1859 210 1912 γὰρ
229 1855 385 1903 συνειδὸς
406 1867 476 1907 24,
494 1867 561 1911 15.

9 1939 17 1953 .
73 1915 116 1962 τὸ
137 1915 215 1969 γὰρ
235 1911 379 1962 συνηθὲς
395 1925 469 1964 44,
480 1922 525 1967 5.

74 1972 117 2012 τὸ
137 1972 214 2026 γὰρ
231 1969 288 2009 τοὶ
307 1981 352 2023 5,
372 1979 470 2021 124.

74 2029 118 2069 τό
136 2028 214 2083 γὰρ
233 2025 423 2078 φοβεῖσθαι
434 2025 627 2123 6118,16.

41 2127 46 2131 ,
74 2101 118 2126 το
137 2079 303 2153 γῆραςω
323 2083 473 2136 115,6.

0 2162 9 2199 ιν.
74 2142 117 2183 τὸ
138 2143 258 2196 γῆςας
275 2137 398 2210 ὥσπεῇ
422 2140 602 2194 116,15.

0 2208 10 2234 2
74 2197 116 2239 τό
136 2197 400 2252 γνῶθισαυτον
421 2207 493 2247 21,
502 2207 544 2239 2.
576 2207 630 2238 22
631 2207 697 2248 ,4.

0 2266 6 2280 ’“
73 2254 117 2296 va
136 2253 281 2308 γυναῖκ’
302 2252 458 2303 68,18.

0 1998 14 2108 ἶ

0 2109 9 2158 Ι

0 2237 8 2261 ι

0 2283 15 2394 ὲ
75 2311 118 2352 τό
139 2311 167 2350 δ’
188 2309 339 2361 ἀξίωμα
356 2320 431 2364 45,
445 2309 486 2350 6.

0 2392 9 2425 Ι,
76 2367 119 2408 τὸ
139 2367 167 2407 δ’
187 2363 332 2413 ἀσθενές
330 2377 395 2434 3,
413 2377 482 2408 12.

0 2421 10 2476 ff
75 2424 118 2465 τὸ
139 2423 203 2462 δ”
190 2422 275 2476 εμὸν
293 2425 409 2474 σῶμα
431 2431 611 2476 123,15.

7 2487 9 2507 ⁷
76 2481 120 2521 τὸ
136 2480 198 2520 δ”
184 2496 219 2520 εν
235 2478 283 2519 ἑνὶ
302 2478 407 2519 πάθει
429 2489 500 2533 25,
513 2487 558 2535 5.

76 2536 119 2577 τὸ
140 2536 202 2576 δ”
189 2534 340 2583 επιεικὲς
358 2543 432 2590 37,
446 2547 517 2577 20.

75 2591 119 2634 ro*
138 2592 202 2632 δ”
188 2593 272 2663 ερᾶν
291 2591 450 2646 64,15.

77 2650 120 2690 τὸ
140 2647 206 2689 δ”
186 2663 351 2703 εσχατον
369 2660 443 2703 49,
456 2657 497 2702 7.

0 2698 21 2742 ῑ.
76 2705 119 2746 τὸ
139 2705 168 2744 δ’
187 2703 225 2745 εὖ
243 2704 315 2754 62,
332 2714 396 2757 17.

0 2733 12 2798 f
78 2761 120 2802 τὸ
141 2761 169 2801 δ’
190 2759 229 2801 εὖ
247 2759 363 2815 φέρειν
386 2772 482 2814 109,
493 2772 534 2812 4.

0 2800 17 2889 ξ
79 2818 122 2858 τὸ
143 2818 171 2857 δ’
192 2819 419 2872 εὐτυχοῦντα
442 2826 538 2870 105,
549 2828 621 2870 39.

0 2893 17 3178 ι
80 2875 124 2915 τὸ
143 2874 171 2914 δ’
192 2874 315 2928 ἐφεξῆς
338 2874 435 2926 116,
448 2884 521 2928 50.

595 151 1027 196 1N1T10RUM.
1459 158 1543 205 373

845 266 888 308 τὸ
909 266 937 307 δ’
955 263 996 316 ἦν
1014 263 1074 322 ὅς’
1098 275 1196 315 120,
1211 275 1279 316 14.

844 324 887 364 τὸ
908 323 937 363 δ’
956 321 1126 377 ὀξύθυμον
1148 333 1219 376 19,
1232 331 1305 363 22.

845 380 888 420 τὸ
905 380 933 419 δ’
952 379 1029 420 ὠκὺ
1047 391 1093 431 4,
1112 391 1180 434 19.

844 437 887 477 τὸ
907 436 944 476 δὲ
959 435 1211 486 ἀληθέστατον
1228 444 1302 486 40,
1308 442 1352 489 5.

843 493 886 533 τὸ
907 493 943 533 δὲ
963 495 1100 547 γαμεῖν
1119 492 1190 547 69,
1208 501 1276 545 17.

689 582 693 584 ,
760 598 761 601 ¹
843 550 886 590 τὸ
906 549 943 590 δὲ
962 549 1071 604 γνῶθι
1093 560 1246 601 21,14.

844 607 887 647 τὸ
906 606 943 646 δὲ
964 607 1049 660 ἐμὸν
1069 605 1196 661 ἔλεγον
1213 617 1287 660 43,
1301 615 1393 646 120.

843 664 885 704 ·r5
905 663 941 703 δὲ
961 663 1179 717 Λυκούργου
1201 674 1270 716 19,
1282 674 1350 717 31

842 720 884 760 τὸ
905 720 942 760 δὲ
958 719 1139 790 μέγιστον
1157 719 1296 772 47,16

842 776 886 817 τὸ
902 777 939 817 δὲ
959 774 1094 817 οἴεσθαι
1117 788 1186 826 20,
1202 776 1274 817 61.

840 833 883 874 τὸ
904 831 942 873 δέ
958 850 1028 874 που
1045 833 1176 883 ἀληθὲς
1194 844 1269 888 43,
1281 839 1378 884 107.

839 889 883 930 τὸ
903 889 940 930 δὲ
959 891 1181 946 στρατηγεῖν
1198 898 1274 944 54,
1296 899 1363 943 15.

840 947 882 986 τὸ
902 947 939 987 δὲ
958 946 1102 987 τοσόνδε
1121 956 1196 1001 52,
1213 958 1281 998 14.

840 1002 883 1042 τὸ
904 1003 939 1043 δὲ
959 1004 1150 1057 φοβεῖσθαι
1169 1014 1244 1057 49,
1256 1002 1329 1055 46.

840 1059 883 1100 τὸ
903 1061 942 1110 δὴ
960 1062 1059 1113 μετὰ
1078 1064 1185 1100 τοῦτο
1203 1071 1278 1114 43,
1298 1067 1394 1113 152.

841 1116 883 1156 τὸ
904 1118 1017 1157 δοκεῖν
1036 1117 1209 1166 διαβολῆς
1228 1127 1302 1168 42,
1309 1127 1369 1168 5.·

839 1172 882 1212 τὸ
902 1174 1027 1214 δοῦλον
1046 1176 1120 1228 οὐχ
1139 1173 1295 1223 62,12.

841 1229 883 1270 τὸ
905 1231 964 1283 ζῆν
983 1229 1133 1283 ἀφέντες
1156 1240 1254 1284 123,
1264 1241 1309 1281 4.

839 1285 882 1326 τὸ
903 1288 964 1339 ζῆν
982 1288 1062 1359 γοὶς
1085 1297 1264 1342 119,12.

839 1342 883 1382 τὸ
905 1343 1004 1394 ζῆν’
984 1359 1077 1383 εοικε
1097 1343 1169 1398 98,
1179 1343 1252 1397 63.

838 1398 882 1438 τὸ
903 1399 1114 1452 ζητούμενον
1134 1399 1284 1454 29,48.

839 1455 882 1495 τὸ
902 1455 1035 1511 θρέψαι
1057 1456 1127 1510 78,
1140 1468 1186 1511 3.

840 1511 881 1552 τὸ
902 1518 1029 1560 καλῶς
1049 1512 1137 1568 ἔχον
1157 1520 1283 1567 9,17.
1312 1521 1386 1564 43,
1395 1521 1459 1562 24.

839 1566 882 1608 vd
901 1573 1027 1618 καλῶς
1047 1570 1108 1623 ζῆν
1125 1578 1170 1624 5,
1181 1580 1253 1624 92.

838 1624 880 1664 τὸ
902 1625 1015 1667 κοινόν
1033 1642 1071 1666 τι
1060 1644 1089 1674 ις
1107 1626 1180 1681 58,
1189 1638 1232 1680 9.

837 1681 880 1721 τὸ
900 1681 1122 1733 κουφότατον
1142 1691 1215 1738 95,
1231 1694 1270 1725 2·

838 1737 881 1777 τὸ
901 1738 1122 1793 λυπούμενον
1144 1750 1241 1791 124,
1245 1747 1320 1793 37.

839 1794 882 1835 τὸ
899 1796 968 1849 μὲν
990 1796 1191 1837 ἀδικεῖσθαι
1216 1802 1395 1846 104,17.

839 1851 883 1891 τὸ
901 1853 969 1904 μὲν
987 1854 1065 1908 γὰρ
1084 1852 1223 1894 τίκτειν
1244 1851 1396 1905 8513.

840 1907 882 1947 τό
901 1909 970 1962 μὲν
989 1909 1104 1965 γύψῳ
1119 1917 1280 1981 5,115

840 1965 883 2004 τὸ
903 1966 971 2019 μὲν
990 1967 1029 2016 δὴ
1050 1967 1115 2019 μὴ
1118 1982 1158 2006 ον
1178 1976 1248 2015 12,
1260 1972 1329 2019 25.

840 2021 882 2061 τό
900 2021 969 2075 μὲν
988 2021 1070 2063 ολον
1091 2031 1163 2075 74,
1177 2023 1251 2063 61.

841 2077 883 2118 τὸ
903 2078 971 2132 μὲν
989 2083 1062 2135 πῦρ
1081 2079 1124 2130 6,
1136 2090 1209 2134 32.

840 2135 883 2176 τὸ
902 2135 970 2189 μὲν
989 2138 1179 2190 σφαγῆναι
1202 2143 1297 2188 7,9.

840 2192 884 2232 τὸ
901 2191 968 2244 μὲν
986 2190 1102 2233 τοίνυν
1120 2202 1300 2246 43‚109.

839 2248 882 2289 τό
901 2265 970 2302 μεν
987 2266 1036 2290 ων
1056 2247 1138 2289 ολον
1158 2247 1229 2302 85,
1241 2246 1309 2288 16.

840 2306 882 2346 τὸ
902 2306 954 2358 μὴ
971 2307 1058 2375 γοὶρ
1071 2303 1159 2345 ειναι
1182 2314 1329 2357 121,9.

839 2362 882 2402 τὸ
901 2363 953 2414 μὴ
973 2360 1142 2415 γενέσθαι
1164 2359 1314 2415 29,82.
1347 2369 1444 2409 120,
1458 2367 1524 2411 17.

839 2419 882 2458 τὸ
901 2419 953 2471 μὴ
973 2417 1099 2458 ειδέναι
1118 2430 1163 2470 4,
1173 2428 1216 2459 2.

839 2475 882 2515 τὸ
901 2476 952 2527 μὴ
970 2473 1164 2515 συνειδέναι
1187 2484 1258 2525 24,
1268 2481 1309 2526 7.

841 2531 883 2571 τό
902 2531 1011 2584 μηδὲν
1030 2531 1166 2571 ἀδικειν
1186 2540 1311 2585 9,10.
1332 2541 1402 2583 19.
1419 2538 1489 2570 20.

841 2588 884 2628 τὸ
903 2587 1028 2658 μωρὸν
1041 2599 1162 2643 90,1.

841 2643 884 2684 τὸ
906 2642 980 2685 νέον
999 2660 1098 2684 απαν
1117 2642 1242 2698 52,8.

842 2700 884 2741 τὸ
906 2703 1006 2740 νικᾶν
1023 2702 1074 2740 τοὶ
1093 2707 1241 2753 42,15

843 2757 885 2797 τὸ
906 2754 1116 2808 οικονομέειν
1139 2768 1209 2806 10,
1220 2766 1293 2810 31.

843 2814 887 2853 τὸ
906 2813 1048 2853 πιθανὸν
1070 2811 1189 2862 12,»8.

846 2869 888 2910 τὸ
906 2870 988 2923 πρὶν
1007 2867 1072 2909 ἐὼν
1095 2867 1240 2919 116,1.

910 2924 1035 2978 Bb3
