1780 3178
350 303 433 346 244
748 290 948 333 IOANN
952 289 1009 333 IS
1041 289 1279 333 STOBAEI

646 404 776 446 Idem.
801 403 993 460 [Anthol.
1016 403 1105 446 Pal.
1126 403 1226 446 VII.
1249 402 1370 461 688.]

347 478 419 520 Nil
440 478 517 521 nisi
535 486 686 522 ventus
704 478 831 521 homo
847 487 923 530 est,
945 477 1076 520 hostis
1094 478 1172 520 sibi
1191 478 1399 521 maximus
1418 477 1522 536 ipse,

404 553 462 596 Et
482 561 570 595 toto
589 552 686 595 vitae
705 551 781 594 scit
800 551 905 594 nihil
923 551 967 593 in
987 552 1133 609 spatio.

631 627 839 667 Incertus.
863 623 1064 681 [Anthol.
1085 623 1175 666 Pal.
1194 624 1256 666 X.
1277 625 1392 680 124]

345 698 498 740 Omnia
517 707 615 741 sunt
633 698 754 750 risus,
776 697 879 740 cinis
897 697 1050 749 omnia,
1072 705 1115 740 et
1133 697 1273 740 omnia
1291 696 1351 739 nil
1372 705 1481 739 sunt.

400 772 513 813 Nam
531 779 722 814 constant
741 786 793 813 ex
813 770 878 813 his
896 786 994 828 quae
1013 770 1173 813 ratione
1194 779 1347 814 carent.

621 846 828 887 Incertus.
853 843 1044 900 [Anthol.
1066 844 1156 886 Pal.
1181 845 1262 886 XI.
1285 844 1406 900 348.]

343 919 431 961 Res
450 933 593 961 omnes
613 927 655 961 te
672 918 810 971 odere,
831 918 930 960 feris
949 918 1076 961 homo
1097 918 1257 970 saevior,
1274 926 1316 960 et
1336 926 1392 969 te,

400 991 553 1034 Omnia
571 1007 667 1034 cum
687 992 852 1049 perdas,
874 991 1062 1050 undique
1081 992 1171 1034 fata
1189 1000 1375 1034 manent.

343 1063 387 1105 Si
407 1071 518 1105 terra
535 1063 688 1121 fugias,
702 1064 830 1121 juxta
848 1063 999 1122 lupus:
1033 1064 1193 1107 arboris
1212 1064 1310 1107 altae

401 1136 445 1178 Si
466 1137 638 1179 scandas
656 1151 807 1189 ramos,
828 1137 920 1180 heic
940 1137 1064 1180 timor
1083 1137 1193 1196 aspis
1213 1137 1342 1180 adest.

343 1210 387 1252 Si
407 1218 567 1253 tentare
585 1210 662 1253 tibi
682 1210 1001 1270 Nilumplacet,
1022 1211 1189 1264 insidet,
1210 1211 1325 1254 ultor

398 1285 429 1326 J
432 1293 552 1327 ustus
570 1284 614 1327 in
632 1285 823 1342 injustos,
842 1286 919 1328 has
937 1286 1169 1329 crocodilus
1189 1301 1331 1344 aquas.

626 1360 833 1402 Incertus.
860 1359 1055 1415 [Anthol.
1077 1359 1167 1402 Pal.
1191 1360 1252 1402 X.
1274 1360 1388 1417 123.]
1456 1397 1465 1411 „

340 1432 446 1482 Quae
465 1431 583 1489 fuga,
602 1432 703 1485 vita,
724 1434 787 1476 tui
805 1433 920 1477 letho
940 1434 1051 1477 sine?
1080 1434 1263 1492 plurima
1281 1442 1421 1477 tecum

396 1504 544 1547 Vitatu
563 1505 673 1547 mala
690 1506 775 1548 fers
793 1522 953 1564 aspera,
973 1507 1082 1550 dura
1096 1507 1197 1566 pati.

301 1615 303 1617 μ
338 1577 507 1630 Dulcia,
527 1594 624 1636 quae
643 1588 794 1622 natura
812 1580 890 1623 tibi
908 1580 1048 1624 dedit:
1081 1596 1209 1624 aurea
1227 1579 1319 1623 caeli

398 1650 540 1708 Signa,
555 1652 685 1709 jubar
704 1654 870 1707 Phoebi,
893 1655 1034 1708 Luna,
1056 1655 1206 1706 solum,
1231 1654 1373 1697 maria.

339 1725 503 1766 Caetera
523 1733 622 1767 sunt
640 1734 805 1768 tantum
825 1735 961 1770 metus
981 1738 1023 1770 et
1039 1728 1179 1770 dolor:
1213 1737 1254 1770 et
1273 1728 1386 1770 bona
1404 1727 1524 1786 siqua

397 1799 674 1857 Contingunt,
695 1811 862 1859 tergum
882 1818 992 1845 saeva
1009 1803 1162 1861 premit
1181 1802 1383 1846 Nemesis.

844 1886 911 1933 75.
931 1878 1159 1920 Homerus.

396 1952 418 1973 ¹¹
433 1945 465 1986 J
467 1945 635 2003 uppiter
654 1962 707 1989 ex
726 1947 879 2000 animo,
901 1964 954 1991 ex
973 1948 1113 1991 animo
1131 1948 1334 1991 dilexerat
1351 1947 1470 1990 illum

339 2018 572 2075 Cynthius:
605 2030 812 2064 extremos
830 2021 926 2065 ideo
945 2037 1030 2065 non
1048 2016 1188 2080 attigit
1207 2037 1348 2065 annos.

716 2272 739 2294 x
753 2250 1059 2300 TITULUS
1092 2250 1283 2299 XCIX.

818 2362 893 2399 DE
921 2336 1189 2400 MOERoRE.

861 2465 894 2493 1.
915 2452 1149 2496 Philemon.

391 2520 584 2564 Multum
603 2522 808 2565 malorum
827 2539 953 2567 causa
971 2524 1058 2568 sola
1076 2533 1204 2583 atque
1221 2524 1342 2568 unica
1359 2533 1423 2567 est

334 2592 537 2635 Tristitia.
589 2594 752 2637 Moeror
771 2596 931 2654 quippe
950 2597 1098 2640 ceritos
1117 2598 1230 2651 facit,

331 2665 536 2724 Aliasque
554 2677 690 2726 pestes
707 2679 879 2727 generat
897 2670 1157 2714 insanabiles.

373 2837 389 2853 “
404 2832 503 2865 Refer
515 2833 556 2865 ad
570 2833 638 2867 Tit.
653 2835 775 2867 cxx1.
832 2845 847 2860 ¹
864 2837 1012 2870 Cohaeret
1025 2847 1100 2870 cum
1115 2837 1183 2871 Tit.
1199 2837 1352 2871 CXXIV.
1367 2842 1402 2871 et
1415 2847 1490 2870 cum
1501 2836 1570 2872 Tit.
1584 2836 1663 2870 vll.
