1780 3178
414 249 880 296 FLORILEGIUM.
910 251 1012 296 Trr.
1035 252 1103 297 28.

99 369 238 419 Quam
256 366 377 409 facile
396 366 562 408 eosdem
582 380 728 408 rursus
746 365 790 407 in
809 379 942 407 casses
960 364 1091 407 cadit!

99 440 224 483 Delet
239 439 396 499 peracti
415 439 655 482 memoriam
675 453 858 497 praesens
875 452 1005 480 amor.

148 569 150 572 ,
631 524 672 556 2.
693 513 900 555 Incertus.

154 586 405 630 Amantium
423 585 632 644 impunita
649 593 750 628 sunt
766 584 964 643 perjuria·

583 674 625 718 3.
649 660 942 704 Callimachus.

96 737 127 778 J
131 735 285 778 uravit:
320 735 394 778 sed
413 750 496 777 vox
518 734 743 786 verissima,
762 733 967 792 quioquid
986 740 1172 776 amantes

153 810 185 851 J
188 818 379 861 urarunt,
400 823 522 850 aures
541 823 624 850 non
645 814 864 865 penetrare
883 805 1040 848 Defim.

623 893 665 934 4
686 881 906 939 Diphilus.

155 955 378 998 Plebicolae
396 963 439 997 et
458 954 684 997 meretricis
697 953 1001 1012 jusjurandum
1020 962 1080 996 est
1100 952 1234 996 idem:

3 1040 6 1043 '
96 1029 292 1085 Namque
311 1028 430 1070 illum
444 1028 593 1086 jurant
610 1027 767 1085 ipsum,
788 1026 961 1086 quicum
981 1027 1183 1085 garriunt.

615 1112 657 1156 5.
679 1101 912 1158 Sophocles.

153 1175 285 1219 Nulla
303 1176 495 1234 improbo
513 1174 698 1218 conditio
710 1173 885 1232 jurandi
904 1173 1055 1232 gravis.

610 1249 650 1290 6.
661 1247 920 1307 ,Euripidem

153 1324 184 1365 J
188 1330 308 1365 urata
326 1322 472 1379 lingua
490 1330 567 1373 est,
587 1330 727 1364 mente
739 1318 882 1378 juravi
900 1318 1016 1361 nihil.

462 1448 465 1451 Ι
608 1405 648 1450 7.
668 1393 922 1458 Menosndevj.

154 1471 263 1512 Haec
282 1479 382 1512 aetas
401 1483 566 1511 omnem
580 1468 671 1526 jam
690 1466 957 1510 conturbavit
975 1466 1113 1509 fidem.

487 1540 526 1581 8.
548 1539 765 1582 Hesiodus
790 1539 1050 1597 Theogonia.

152 1615 184 1656 J
187 1624 440 1670 uratumque
459 1611 587 1654 deum
604 1628 615 1654 ι
646 1610 785 1653 clades
804 1609 1051 1652 mortalibus
1072 1608 1184 1651 unde

97 1686 360 1738 Adveniunt‚
381 1684 545 1743 quoties
564 1683 702 1726 fallaci
721 1691 890 1740 pectore
902 1682 1062 1739 jurant.

599 1773 663 1802 10.
684 1757 934 1816 Euripides.

325 1833 425 1875 Non
444 1843 557 1875 caret
576 1847 699 1874 sensu
719 1832 854 1881 Deus,

97 1909 163 1952 Ut
181 1908 283 1950 scire
302 1915 496 1964 nequeat,
517 1905 634 1964 quod
653 1911 956 1948 sacramentum
977 1901 1075 1945 dolo

100 1983 312 2032 struatur,
333 1989 409 2022 aut
427 1979 545 2037 quod
563 1978 771 2036 exprimat
789 1967 1019 2020 neceesitas.

403 2066 468 2096 11.
489 2053 698 2110 Euphron
717 2053 908 2095 Deomm
926 2051 1128 2092 concione.

155 2130 300 2172 Novos
318 2127 391 2170 sed
411 2127 607 2184 agedum,
628 2141 704 2184 per
724 2126 853 2176 Deos,
873 2122 1009 2182 reperi
1029 2112 1158 2173 Deos',

100 2202 167 2244 Ne
186 2215 348 2258 semper
364 2199 457 2242 illos
476 2207 573 2242 ante
592 2207 712 2240 notos
731 2198 904 2255 pejeres.

600 2285 619 2313 1
629 2285 666 2314 2.
686 2272 935 2329 Euripides.

159 2343 375 2403 Speranda
392 2343 536 2386 divam
556 2341 688 2386 facilis
706 2341 982 2400 indulgentia,

102 2418 146 2462 Si
165 2418 261 2476 quis
279 2415 482 2475 periclum
501 2414 662 2466 mortis,
680 2423 756 2457 aut
774 2413 879 2461 iram
897 2414 1097 2465 hostium,

101 2492 197 2533 Aut
214 2490 323 2535 dura
335 2488 471 2532 vinela
482 2487 761 2547 jurejurando
778 2486 900 2545 fugit.

1375 257 1430 303 75
