1780 3178
387 250 469 294 126
779 211 980 291 IOANN
984 248 1041 291 IS
1074 248 1320 291 STOBAEI
1373 289 1381 292 ,

803 367 873 399 21.
894 354 1116 412 quhocles
1136 355 1292 398 Aleasi.

439 427 577 469 Nemo
596 435 646 468 ut
665 426 843 469 videtur.
896 427 983 470 Sed
1001 427 1098 470 vide
1117 443 1171 470 an
1190 443 1276 471 non
1293 427 1448 471 rectius

382 500 448 544 Sit
465 500 630 543 vincere
648 500 811 543 hostem
831 500 1065 558 quamlibet
1083 501 1234 544 fraude
1253 502 1396 560 impia,

380 574 521 624 Quam
541 572 782 615 servitutem
802 573 911 615 ferre
930 582 974 616 et
992 573 1214 632 imperium
1235 575 1335 634 pati.

811 648 814 651 ’
869 649 943 690 22.
965 646 1085 688 Idem
1105 647 1220 690 Ione.

438 717 587 760 Rebus
606 717 758 775 quietis
770 719 872 775 jura
889 717 1057 776 pietatis
1076 718 1156 761 coli

380 790 557 833 Laudo:
590 791 663 833 sed
681 791 791 834 hosti
810 807 898 849 quo
911 792 1050 835 minus
1068 808 1216 836 noceas
1236 801 1312 837 tuo

379 863 560 906 Obstare
579 863 706 906 debet
722 863 840 907 nulla
857 863 1000 922 legum
1019 866 1255 909 auctoritas.

873 950 939 994 23.
961 939 1217 982 Menander.

437 1009 522 1061 Qui
541 1024 639 1052 cum
658 1025 743 1052 non
762 1010 964 1064 militarit,
986 1011 1145 1055 militiae
1163 1004 1368 1071 imperatJ

379 1084 564 1141 Gregem
583 1084 813 1128 hostiarum
834 1085 966 1138 ducit,
988 1101 1073 1128 non
1092 1086 1342 1130 exercitum.-

895 1160 965 1213 46.
983 1161 1190 1203 Incertus.

436 1229 534 1273 Sive
553 1230 665 1283 dolo,
687 1246 761 1274 seu
781 1231 1077 1285 vi'manifesta,
1098 1232 1258 1276 clamve
1275 1233 1484 1292 palamve.

821 1312 1126 1398 TITULUS
1145 1323 1266 1398 ἰν.

919 1441 994 1480 DE
1023 1442 1172 1481 PAcE.

755 1531 791 1560 1.
813 1519 1051 1577 Euripides
1073 1520 1337 1579 Cresphonte.

434 1590 724 1633 Pulcherrima
743 1591 857 1637 Diva
877 1593 1064 1635 Dearum

377 1665 484 1716 Pax,
506 1663 758 1707 circumfusa
775 1665 900 1708 beato

377 1738 578 1795 Sequitur
596 1754 725 1796 quam
744 1739 864 1797 copia
882 1755 1028 1794 cornu,

375 1810 566 1854 Nimium
587 1811 848 1870 nimiumque
867 1823 1096 1858 morantem

376 1885 444 1926 Te
463 1893 518 1936 te,
541 1885 648 1937 Dea,
669 1900 836 1928 cernere
855 1886 1002 1944 flagro,

375 1958 576 1999 Metuens
594 1972 647 2000 ne
666 1958 792 2016 plena
810 1959 1003 2009 laborum

375 2030 499 2073 Senio
517 2046 610 2074 mea
629 2032 716 2075 vita
734 2033 913 2087 fatiscat,

372 2103 469 2146 Tua
486 2112 652 2147 nectare
670 2105 796 2163 plena
813 2107 1061 2165 priusquam

372 2177 513 2219 Detur
531 2178 656 2220 semel
676 2194 750 2221 ora
770 2180 893 2232 tueri,

371 2251 432 2293 Et
451 2251 633 2294 carmina
645 2251 796 2310 juncta
813 2253 974 2298 choreis
996 2268 998 2270 ·

370 2324 618 2382 Epulasque
636 2334 679 2368 et
697 2325 825 2377 florea
844 2335 964 2370 serta.

370 2397 490 2439 Ades
509 2398 608 2441 huic
628 2399 874 2442 venerabilis
894 2400 1004 2453 urbi,

370 2471 603 2529 Longeque
622 2472 846 2529 penatibus
863 2489 958 2516 arce

368 2544 487 2587 Dirae
506 2545 616 2587 mala
635 2546 870 2589 seditionis:

370 2618 528 2675 Fugiat
547 2617 766 2671 discordia,
786 2620 899 2663 ferro

371 2691 477 2741 Quae
497 2690 643 2735 ludere
661 2692 820 2750 gaudet
837 2702 971 2739 acuto.
