1780 3178
295 171 382 218 372
838 180 842 184 -
909 161 1147 204 INDEX

296 276 405 325 τέλος
424 276 577 317 δ’“ἔπειδ’
598 275 642 316 ἄν
665 283 763 330 115,
781 285 849 317 20.
1063 295 1100 319 τι
1094 274 1195 317 ’δ’
1169 293 1213 317 αν
1233 275 1315 349 ἔχοι
1341 286 1438 325 121,
1455 286 1523 329 19.

296 334 478 388 Τελχῖνες
496 332 568 388 38,
579 333 652 387 56.
1062 335 1102 377 τί
1121 334 1148 373 δ’
1170 335 1199 374 εἳ
1218 335 1268 386 μὴ
1290 345 1332 406 9,
1345 331 1416 373 68.

295 391 442 444 τερπνὸν
461 391 503 430 τὸ
528 403 622 444 119,
637 403 678 444 9.
1062 410 1099 434 τι
1092 390 1148 430 ’δ’
1169 387 1316 430 ἔπιδ’
1290 406 1334 430 αν
1354 401 1425 439 21,
1442 399 1511 430 20.

294 446 431 502 τέχνην
445 448 555 503 γᾶρ“
544 448 666 496 ικανὴν
685 457 758 500 43,
771 457 866 501 145.
1061 467 1098 490 τι
1093 448 1147 487 ’δ’
1167 448 1206 487 οὐ
1225 445 1371 487 πάντων
1391 445 1434 496 6,
1447 444 1519 498 46.

294 519 339 558 τῃ
361 505 389 543 δ’
407 502 601 558 Ἀφροδίτῃ
624 502 746 558 63,1.
1061 504 1102 548 τί
1120 504 1148 543 δ’
1168 505 1232 544 οὐκ
1253 501 1296 543 ἄν
1316 501 1367 553 εἴη
1387 501 1544 556 91,16.

293 563 407 613 τῆμος
427 559 683 616 ἐπιρρήσσουσι
702 567 832 614 59,4.
1062 579 1098 604 τι
1119 558 1204 610 ὃαί;
1226 557 1456 629 σωφροσύνης
1473 568 1517 614 5,
1534 557 1614 600 128

294 619 359 667 τὴν
377 617 494 667 ἀληθῆ
498 626 593 714 φιλ8.
613 626 657 672 5,
673 626 741 669 70.
1062 617 1101 660 τί
1120 618 1178 658 δαὶ
1197 618 1272 665 τοῖς
1274 614 1481 686 ἀνθρώποις
1505 626 1571 668 17,
1585 628 1628 671 9.

292 675 356 724 τὴν
374 672 546 731 ἁρμονίην
568 673 638 728 85,
656 685 734 770 196
1061 674 1155 716 τίδὲ
1175 674 1214 724 δὴ
1234 671 1340 721 πόλις
1357 684 1431 729 43,
1449 672 1541 725 146.

295 732 358 781 τὴν
378 732 489 781 αὐτὴν
508 729 658 785 γνώμην
676 730 734 782 46
736 759 748 779 ,
768 739 833 783 17.
1061 730 1101 774 τί
1119 732 1158 781 δὴ
1178 731 1237 784 ζῆν
1261 729 1328 780 18,
1343 731 1386 771 6.

293 789 357 838 τὴν
389 787 417 827 δ’
452 787 634 842 εὐγένειαν
669 799 741 842 91,
764 795 995 840 21.107,
1061 788 1101 831 τί
1119 789 1158 838 δὴ
1173 789 1284 835 ποιεῖς
1307 797 1404 837 122,
1422 796 1485 828 12.

1061 844 1102 887 τί
1118 845 1210 894 δῆτα
1226 843 1379 899 μοχθεῖν
1399 851 1471 896 74,
1486 851 1549 896 17.

291 901 356 950 τὴν
366 874 403 940 δ’
425 899 652 952 εὐδαιμονίαν
677 912 773 955 103,
790 901 859 944 28.
1061 900 1101 944 τί
1119 902 1278 951 διακενῆς
1297 901 1370 951 62,
1387 912 1452 941 10.

291 958 355 1007 τὴν
376 957 403 997 δ’
425 954 614 1008 εὐσέβειαν
631 967 703 1012 54,
719 967 787 1000 22.
1060 977 1097 1001 τι
1091 957 1247 1028 ’κέρδος
1258 959 1323 998 οὐκ
1348 968 1442 1011 125,
1464 967 1530 1008 14.

291 1015 356 1063 τὴν
377 1014 412 1054 δὲ
433 1015 601 1068 κατοχὴν
623 1025 647 1056 2
651 1026 695 1069 5,
709 1025 754 1068 3.
1059 1015 1100 1058 τί
1117 1031 1180 1068 μοι
1197 1012 1304 1064 μέλει
1326 1013 1396 1064 80,
1414 1026 1482 1066 14.

291 1072 355 1120 τὴν
376 1070 413 1110 δὲ
432 1087 460 1110 π
484 1087 501 1110 ο
520 1073 584 1119 τῆς
604 1070 675 1121 80,
693 1083 761 1111 10.
1059 1072 1100 1114 τί
1117 1069 1269 1123 νομίζεις
1294 1083 1359 1122 10,
1371 1079 1441 1125 57.
1491 1100 1495 1103 κ

289 1128 581 1180 τῆν’ἐπιτιμησιν
606 1139 674 1182 13,
689 1139 759 1179 24.
815 1166 820 1172 ,
1058 1129 1099 1171 τί
1117 1126 1175 1169 οὖν
1196 1127 1258 1181 ἔφη
1277 1138 1349 1184 37,
1365 1127 1433 1170 28.

289 1185 353 1234 τὴν
374 1182 567 1235 Εὐβούλου
590 1192 632 1236 7,
646 1183 714 1224 68.
1058 1185 1098 1228 τί
1115 1187 1242 1225 πολλοὶ
1263 1200 1380 1239 τηρειν
1400 1184 1443 1235 8,
1458 1183 1501 1225 8.

289 1242 354 1290 τὴν
374 1239 556 1295 εὐγένειαν
578 1239 729 1291 88,10.
1058 1242 1098 1284 τί
1114 1242 1194 1282 ποτ’
1215 1242 1314 1282 ἐστιν
1334 1250 1489 1296 97,33.
1534 1253 1631 1297 113,
1649 1254 1716 1316 10.

289 1298 354 1347 τὴν
373 1300 623 1369 ἡγεμονοῦσαν
641 1309 686 1352 3,
699 1306 772 1352 55.
867 1327 870 1330 »
1058 1299 1098 1341 τί
1114 1315 1204 1339 ποτε
1224 1296 1262 1348 ἦν
1281 1295 1356 1354 ἄρα
1378 1309 1449 1350 21.,
1463 1297 1532 1340 26.
1610 1315 1614 1318 ·
1712 1323 1714 1325 ·

288 1355 353 1404 τὴν
373 1351 606 1425 κακολογίαν
629 1366 696 1404 20,
710 1355 780 1408 69.
1058 1355 1099 1398 τί
1115 1371 1204 1396 ποτε
1225 1354 1436 1409 Προμηθεὺς
1457 1365 1500 1406 2,
1515 1363 1582 1408 27-

287 1412 352 1461 τὴν
371 1411 438 1464 μὲν
458 1409 603 1465 ἀνδρίαν
625 1419 668 1464 7,
684 1419 754 1464 71.
1057 1413 1098 1454 τί
1116 1411 1406 1482 προβαλλόμεθα
1428 1422 1470 1463 2,
1482 1422 1556 1467 32.

286 1469 350 1518 τὴν
369 1466 475 1509 πόλιν
494 1466 559 1507 ἅπ.
581 1479 652 1522 35,
670 1480 739 1508 11.
1057 1469 1097 1511 τί
1116 1469 1252 1510 σαυτὸν
1271 1469 1405 1510 ἀδικῶν
1423 1477 1468 1520 4,
1480 1469 1522 1510 6.

285 1525 351 1574 τὴν
367 1523 536 1579 χλανίδα
559 1536 628 1576 14,
646 1537 680 1565 1.
1057 1526 1098 1568 τί
1114 1526 1221 1566 ταῦτ’
1241 1526 1408 1573 ἑπαινεις
1417 1524 1484 1575 18,
1500 1539 1536 1566 1.

285 1585 490 1630 τηνικαῦτα
510 1581 546 1620 δὲ
565 1581 637 1633 46,
655 1574 758 1636 98.
1056 1582 1097 1624 τί
1115 1586 1239 1624 ταῦτα
1257 1586 1407 1623 πολλῶν
1424 1585 1498 1638 36,
1514 1595 1582 1625 11.

284 1654 402 1693 τηρειν
421 1638 489 1690 μὲν
510 1641 537 1677 ἑ.
564 1650 578 1677 1
592 1648 659 1692 15,
681 1649 742 1680 12·
1056 1638 1097 1682 τί
1113 1640 1155 1680 τὸ
1177 1638 1369 1695 στέρεσθαι
1387 1648 1535 1694 39,17.

284 1697 348 1743 τῆς
367 1693 584 1747 αλαζονείας
603 1706 672 1745 22,
686 1707 755 1746 40.
1054 1695 1094 1738 τί
1111 1696 1313 1738 τουντεῢθεν
1331 1708 1372 1750 9,
1385 1696 1453 1750 67.
1558 1719 1559 1722 =

284 1754 347 1800 τῆς
365 1753 460 1823 γὰρ
463 1750 590 1792 ὀλώίον
611 1760 681 1806 73,
695 1761 765 1804 47.
1053 1752 1094 1795 τί
1110 1753 1192 1800 τοὺς
1212 1751 1380 1800 θανόντας
1408 1765 1501 1805 124,
1518 1765 1586 1795 10.

283 1811 347 1856 τῆς
367 1809 395 1848 δ’
416 1805 463 1847 αὖ
482 1807 604 1857 πάσης
625 1820 695 1859 21,
711 1819 781 1851 22.
1052 1809 1092 1851 τί
1110 1809 1238 1850 τούτου
1258 1819 1331 1864 59,
1352 1821 1419 1852 12.

283 1867 347 1914 τῆς
362 1864 398 1904 δὲ
414 1867 530 1913 κακῆς
551 1876 592 1915 2,
609 1876 681 1916 44.
1051 1866 1092 1908 τί
1110 1866 1175 1918 φής
1195 1877 1267 1920 74,
1283 1880 1324 1920 9.

281 1937 346 1970 της
367 1919 578 1973 επιμελείας
598 1933 668 1976 29,
680 1934 749 1976 51.
1051 1924 1203 1976 τιθῶμεν
1223 1924 1262 1972 δὴ
1283 1934 1356 1978 43,
1375 1934 1472 1975 104.

280 1980 344 2027 τῆς
365 1975 542 2032 εὐτυχίας
560 1990 656 2075 43,8
647 1988 718 2032 47.
1050 1981 1197 2035 Τιθωνῷ
1215 1979 1285 2032 μὲν
1307 1992 1324 2020 1
1336 1980 1405 2030 16,
1417 1991 1490 2035 33.

280 2037 344 2083 τῆς
365 2033 522 2089 ἡσυχίης
546 2035 656 2089 29,8
1050 2037 1168 2078 τίκτει
1188 2037 1267 2092 γὰρ
1287 2036 1385 2076 οὐδὲν
1404 2048 1478 2092 30,
1491 2037 1535 2079 6.

279 2093 343 2140 τῆς
363 2091 430 2143 μὲν
451 2094 568 2139 κακῆς
588 2035 739 2145 69,811.
1049 2094 1168 2135 τίκτει
1191 2092 1228 2132 δέ
1247 2109 1288 2132 τε
1306 2101 1380 2147 55,
1394 2105 1435 2148 3.

279 2150 343 2196 τῆς
363 2146 556 2200 ὀξυθυμίας
577 2159 647 2198 20,
660 2161 733 2203 49.
1049 2150 1217 2191 τίκτουσι
1236 2148 1314 2204 γάρ
1335 2162 1406 2204 99,
1424 2162 1491 2204 19.

278 2207 343 2253 τῆς
361 2202 488 2251 οὐσίας
509 2205 581 2276 63,
598 2217 664 2256 14.
1049 2205 1145 2260 τίμα
1166 2207 1228 2256 τὴν
1249 2209 1308 2246 ὑπ.
1330 2217 1403 2260 94,
1420 2217 1490 2249 20.

277 2263 342 2310 τῆς
361 2259 567 2329 παρρησίας
591 2273 659 2327 13,
672 2261 747 2313 46.
1047 2263 1136 2316 τιμῆ
1157 2263 1192 2303 σ’
1219 2263 1314 2312 106,
1333 2275 1372 2303 1.

277 2332 341 2367 της
361 2315 476 2371 τύχης
497 2333 646 2358 σκοπειν
664 2328 708 2372 5,
721 2330 792 2372 32.
1046 2323 1154 2373 τιμῆς
1168 2319 1236 2373 μὲν
1257 2318 1388 2369 ὁπόσης
1405 2320 1477 2371 46,
1489 2329 1558 2374 52.

276 2374 312 2414 τι
332 2390 411 2428 γαρ
430 2372 528 2413 ἄλλο
551 2374 619 2423 86,
634 2386 702 2417 21.
1045 2375 1165 2427 τίμιος
1184 2376 1251 2429 μὲν
1271 2376 1310 2425 δὴ
1331 2389 1373 2428 9,
1386 2386 1458 2431 55.

275 2430 316 2471 τί
334 2446 412 2484 γαρ
431 2430 528 2485 ἀνδρι
550 2431 621 2483 69,
645 2443 711 2472 12.
1045 2432 1217 2486 Τιμόθεος
1236 2444 1308 2487 54,
1325 2431 1395 2484 64.

276 2485 317 2527 τί
334 2488 411 2541 γὰρ
433 2486 472 2536 δὴ
493 2487 546 2526 δει
564 2486 635 2541 98,
644 2497 716 2542 52.
1043 2488 1215 2542 Τιμόθεος
1237 2492 1253 2528 ὀ
1276 2489 1428 2544 13,38.

275 2542 316 2584 τί
332 2545 411 2612 γὰρ
432 2543 587 2598 ἐλαφρὸν
612 2543 689 2584 108
693 2556 787 2597 ,49.
1041 2546 1214 2598 Τιμόθεος
1234 2548 1251 2585 ὅ
1271 2550 1342 2586 τῶν
1360 2546 1512 2601 39,26.

274 2598 314 2640 τί
333 2615 410 2653 γαρ
431 2600 530 2639 ἔστιν
550 2599 622 2654 98,
638 2600 705 2641 60.
1041 2601 1172 2655 Τίμων
1193 2605 1209 2642 ὁ
1233 2614 1379 2656 10,54.

274 2653 315 2696 τί
333 2657 411 2709 γὰρ
432 2655 548 2696 καλον
572 2668 668 2707 121,
685 2669 752 2712 23.
1042 2656 1107 2699 τίν’
1129 2660 1211 2711 ἡμῖν
1231 2659 1327 2707 ἥκεις
1353 2656 1433 2700 108
1437 2687 1451 2709 ,
1464 2669 1538 2714 54.

273 2710 315 2752 τί
329 2710 432 2766 γάρ·
421 2741 433 2761 ,
467 2714 505 2752 οὐ
526 2714 598 2781 65,
619 2725 684 2754 12.
1040 2714 1148 2756 τίπτε
1168 2715 1215 2755 σὺ
1239 2714 1336 2766 8,4.

272 2766 314 2809 τί
331 2769 408 2822 γὰρ
426 2767 600 2839 πατρῴας
619 2770 742 2824 39,6.
1040 2769 1135 2818 τίς’
1116 2769 1221 2824 αγῶν
1241 2769 1261 2820 ἢ
1283 2771 1438 2826 65,16.

272 2823 314 2864 τί
333 2826 410 2896 γαρ
429 2823 476 2864 σὺ
498 2823 559 2877 ἔφη
577 2838 730 2924 95,262.
1040 2825 1097 2875 τίς
1116 2825 1161 2867 αν
1181 2826 1279 2877 δίκην
1299 2828 1372 2880 46,
1384 2839 1423 2868 2.

272 2879 312 2922 τί
329 2881 357 2921 δ’
379 2879 476 2922 αλλο
496 2884 591 2936 φωνὴ
613 2895 628 2923 1
642 2882 695 2924 16
695 2912 710 2934 ,
725 2892 767 2937 7.
1040 2882 1095 2931 τίς
1114 2881 1190 2940 ἆςα
1209 2883 1328 2940 μῆτηρ
1347 2883 1420 2939 38,
1434 2884 1472 2925 8.
