1780 3178
455 264 919 309 FLORILEGIUM.
951 267 1050 309 Trr.
1070 279 1136 326 73.

533 383 575 427 5.
598 372 837 430 Euripides
858 373 1028 431 OEdipo.

172 442 260 483 Res
279 441 387 486 inter
406 459 550 487 omnes
569 445 720 488 mulier
734 445 1015 505 insuperabile
1030 457 1103 490 est.

159 552 161 555 .
641 521 685 561 6.
706 521 915 562 Incertus.

170 588 332 631 Infesta
350 590 442 648 oonj
449 606 535 632 unx
555 584 748 634 hostibus
767 592 893 635 detur
911 593 1024 636 meis.

620 677 659 721 7.
683 666 937 708 Mermader.

168 738 309 781 Infida
327 754 393 782 res
411 748 474 782 est
492 755 616 783 omne
634 740 882 783 foemineum
902 757 1030 784 secus.

534 814 572 856 8.
596 816 836 872 Euripides
854 817 1020 858 Medea.

165 885 503 929 Formidolosum
522 888 672 931 mulier
691 898 755 932 est
772 889 829 932 ad
848 900 1012 943 caetera,

106 959 267 1001 Contra
285 960 394 1002 tueri
414 976 498 1004 non
518 962 660 1005 valens
679 963 780 1006 ferri
798 963 1015 1022 impetum.

104 1033 279 1084 Quoties
297 1044 342 1076 at
360 1035 506 1078 eadem
525 1036 671 1094 pellice
690 1038 876 1082 obducta
894 1040 1023 1092 dolet,

105 1106 237 1149 Nulla
253 1107 430 1150 inveniri
449 1124 566 1152 mens
585 1119 724 1168 potest
742 1111 974 1155 immanior.

331 1236 334 1239 .
576 1197 616 1239 9.
635 1185 756 1227 Idem
773 1186 964 1228 Hecuba.

160 1253 206 1296 Si
226 1254 321 1312 quis
339 1255 566 1299 mulierum
585 1258 705 1300 sexui
723 1259 953 1303 convitium
1027 1300 1033 1303 ,

101 1328 198 1369 Aut
214 1327 314 1370 fecit
332 1327 449 1379 olim,
469 1338 544 1371 aut
563 1329 701 1382 faciet,
722 1339 798 1374 aut
817 1332 943 1374 etiam
962 1332 1076 1384 facit,

102 1401 274 1443 Horum
293 1402 482 1445 omnium
502 1419 613 1446 unus
631 1404 746 1447 dicta
763 1407 1003 1449 summatim
1021 1407 1205 1465 eloquar.

102 1473 177 1516 Nil
196 1474 279 1517 tale
300 1475 406 1518 salsa
424 1476 568 1529 maria,
589 1477 650 1519 nil
669 1487 792 1521 terrae
809 1479 1005 1522 educant.

99 1549 239 1599 Quam
259 1564 357 1592 vera
374 1549 456 1599 sint
475 1550 580 1602 haec,
601 1551 692 1603 seit,
712 1551 916 1609 periclum
936 1552 1012 1610 qui
1030 1552 1141 1595 facit.

523 1637 587 1666 10.
610 1625 730 1667 Idem
749 1626 1019 1684 Melaniffa.

155 1695 371 1739 Genitrice
388 1697 532 1742 demta
549 1699 775 1741 mulierum
794 1715 919 1742 omne
937 1700 1009 1742 odi
1027 1716 1172 1758 genus.

575 1787 638 1815 11.
662 1774 777 1816 Idem
797 1775 964 1816 Dmnae.

154 1844 267 1886 Nam
286 1860 384 1887 cum
403 1854 599 1903 paternos
618 1846 770 1889 mulier
787 1847 1004 1905 egreditur
1023 1847 1143 1899 lares,

98 1916 196 1958 Non
209 1917 300 1974 jam
319 1928 540 1975 parentum
561 1920 733 1977 propria
750 1929 828 1972 est,
848 1920 922 1962 sed
941 1921 1142 1978 conjugis.

583 2005 651 2037 12.
672 1994 792 2035 Idem
811 1994 952 2051 Alope.

154 2062 314 2106 Mulier
332 2063 495 2107 mulieri
512 2065 622 2108 ferre
641 2066 854 2123 suppetias
873 2067 987 2110 solet.

585 2151 652 2195 13.
674 2139 794 2181 Idem
812 2141 950 2182 AEolo.

153 2210 338 2252 Onerare
356 2211 520 2268 probris
538 2212 730 2255 foeminas
749 2213 825 2269 qui
844 2213 1009 2264 desinit,

95 2283 215 2325 Facit
233 2283 313 2325 hoc
332 2283 497 2326 miseria
515 2294 700 2337 auctore,
721 2300 808 2348 non
827 2286 1039 2343 sapientia.

574 2372 636 2412 14.
659 2359 779 2401 Idem
799 2360 953 2417 AEgeo.

151 2429 255 2473 Odit
273 2430 430 2488 priores
449 2431 600 2474 mulier
616 2433 791 2475 affectus
811 2448 921 2485 suoe,

26 2561 28 2563 V
93 2504 324 2560 Postquam
344 2503 527 2546 secundo
545 2503 695 2546 foederi
715 2504 923 2562 implicuit
938 2504 1080 2546 fidem.

379 2584 391 2614 f
470 2618 484 2627 ‚
498 2591 562 2633 15.
579 2577 698 2619 Idem
716 2577 1020 2619 Andromacha.

149 2649 280 2690 Artes
300 2649 478 2705 reperies
498 2650 624 2702 mille,
640 2650 812 2708 quando
830 2650 1004 2693 foemina
1023 2666 1076 2692 es.

573 2726 637 2767 16.
660 2725 779 2767 Idem
798 2725 944 2783 AEgeo.

150 2794 239 2836 Viri
258 2794 447 2851 paventis
466 2810 574 2838 uxor
591 2796 865 2839 audacissima
882 2806 954 2838 est.

208 2881 304 2909 vol..
328 2881 390 2910 1v.
797 2884 828 2911 N

1374 279 1451 324 Ῑ77
