1780 3178
425 205 882 251 FLORILEGIUM.
914 205 1014 252 Trr.
1036 223 1105 263 42.

91 308 253 356 Totum
272 314 477 357 cremarit.
527 314 697 356 Dixeris
716 315 805 367 uni,
826 316 908 357 cito

91 384 257 429 Rumor
276 401 351 445 per
371 386 519 446 urbem
540 386 614 429 flet
631 395 987 430 arcanumtuum.

557 475 594 505 2.
615 460 958 504 Aomoeandrides.

140 531 232 584 ,Qui
250 532 588 575 commendatum
608 533 686 576 sibi
706 549 937 577 sermonem
957 535 1175 593 acceperit,

90 602 282 663 Injustus
301 614 378 658 est,
398 615 475 649 aut
493 606 700 665 impotens
721 607 754 649 si
774 607 970 651 eliminet.

88 678 174 731 Qui
193 678 299 722 lucri
318 695 457 732 causa,
479 680 688 738 injustus3
721 681 795 738 qui
815 681 949 734 aliter,
971 682 1199 740 impotens:

86 753 149 795 Et
167 752 236 796 hic
254 762 297 796 et
316 753 385 796 ille
404 753 559 811 pariter
579 769 631 796 ex
652 770 778 811 aequo
796 753 907 796 mali.
1057 758 1062 762 ’

611 837 654 884 3.
675 828 906 885 Sophocles.
971 844 975 864 ε

146 900 272 955 Quod
292 900 355 942 vis
373 900 513 952 taceri,
534 900 632 943 nolo
653 900 756 942 mihi
776 900 1050 943 commiseris:

88 975 187 1017 Non
206 973 341 1017 habeo
359 973 606 1027 claustrum,
627 974 743 1017 visne
762 969 912 1033 loquar
931 975 1115 1034 apertius
1127 980 1146 1017 Ξ)

91 1046 258 1091 Tenere
278 1047 424 1106 lingua
443 1048 647 1106 quicquid
668 1060 867 1092 arcanum
887 1058 951 1091 est
969 1058 1107 1107 negat.

562 1137 606 1176 4.
626 1123 745 1165 Idem
766 1123 951 1165 Akadis.

146 1195 213 1237 Ne
233 1194 436 1238 sciscitare
449 1196 477 1236 x*
494 1195 630 1238 multa
647 1195 726 1238 fari
746 1195 864 1238 haud
882 1195 1068 1254 expedit.

581 1285 621 1327 9.
645 1270 932 1329 Pythagoras.

147 1342 271 1385 Puris
289 1358 397 1401 pura
416 1359 561 1387 canam
578 1361 588 1386 ε
622 1343 769 1401 procul
792 1343 897 1387 hinc
907 1353 1044 1388 arcete
1063 1344 1283 1402 profano&

500 1458 804 1512 TITULUS
836 1458 1005 1512 XLII.

558 1565 635 1602 DE
663 1564 963 1604 CALUMNIA.

508 1663 544 1691 1.
566 1650 809 1692 Menamder
830 1651 1008 1692 Baeotia.

119 1723 131 1729 “
147 1722 362 1765 Habenda
380 1737 465 1764 non
484 1731 547 1764 est
566 1721 738 1780 insuper
751 1721 961 1765 calumnia

89 1795 372 1847 Quantumvis
391 1795 510 1848 falsa,
532 1810 629 1838 nam
649 1805 749 1838 sunt
767 1795 843 1853 qui
863 1811 1018 1854 augere
1037 1795 1241 1838 assolent:
1312 1827 1316 1829 >

89 1871 358 1927 Quapropter
378 1869 458 1911 ista
477 1883 713 1926 praecavere
732 1870 950 1928 negotium
971 1881 1046 1913 est.

612 1955 651 1986 2.
673 1942 906 1985 Cleanthes.

148 2012 371 2055 Calumnia
389 2029 454 2056 res
474 2013 590 2056 nulla
608 2014 880 2072 pestilentior,
946 2065 948 2067 ι

89 2090 198 2140 Quae
218 2087 372 2146 decipit
391 2089 502 2131 mala
516 2099 606 2132 arte
625 2090 863 2132 credentem
884 2089 976 2141 sibi,

91 2162 151 2203 Et
171 2161 402 2205 immerenti
422 2163 615 2220 pertinax
634 2163 779 2206 odium
801 2164 936 2206 struit.

467 2249 507 2292 3.
531 2237 769 2294 Euripides
789 2237 1044 2278 Alexandro.

149 2309 188 2350 O
209 2323 297 2359 rex,
319 2307 524 2350 malorum
544 2307 774 2350 maximum
795 2308 1003 2351 calumnia
1020 2317 1093 2350 est.

92 2382 206 2424 Nam
226 2396 335 2439 saepe
354 2382 429 2439 qui
450 2391 672 2439 superatur
691 2382 943 2439 eloquentia,

92 2456 324 2512 Utcunque
339 2456 456 2512 justa
477 2456 644 2508 dixerit,
666 2471 791 2499 causa
808 2455 931 2498 cadit.

600 2541 642 2581 4.
666 2528 919 2571 Menander.

152 2605 384 2648 Calumniae
403 2605 445 2647 vi
466 2605 615 2648 saevius
633 2604 798 2649 nullum
816 2612 879 2646 est
898 2602 1079 2646 malum:

93 2679 309 2721 Dedecore
329 2694 509 2736 namque
529 2678 685 2722 crimen
704 2677 875 2720 alterius
895 2692 971 2719 suo

96 2755 211 2797 Luat
230 2770 393 2797 necesse
410 2764 471 2797 est
491 2763 708 2816 accusatus
726 2753 937 2795 innocens.

727 2841 760 2868 Η
782 2838 808 2869 2

1372 225 1427 268 99
