<?xml version="1.0" encoding="UTF-8"?>
<!DOCTYPE html PUBLIC "-//W3C//DTD XHTML 1.0 Transitional//EN"
    "http://www.w3.org/TR/xhtml1/DTD/xhtml1-transitional.dtd">
<html xmlns="http://www.w3.org/1999/xhtml" xml:lang="en" lang="en">
 <head>
  <title>
</title>
<meta http-equiv="Content-Type" content="text/html;charset=utf-8" />
  <meta name='ocr-system' content='tesseract 3.04.00' />
  <meta name='ocr-capabilities' content='ocr_page ocr_carea ocr_par ocr_line ocrx_word'/>
</head>
<body>
  <div class='ocr_page' id='page_1' title='image "./iannoustovaiouan04stovuoft_0208.png"; bbox 0 0 1780 3178; ppageno 0'>
   <div class='ocr_carea' id='block_1_1' title="bbox 313 226 1252 275">
    <p class='ocr_par' dir='ltr' id='par_1_1' title="bbox 313 226 1252 275">
     <span class='ocr_line' id='line_1_1' title="bbox 313 226 1252 275; baseline -0.002 -1"><span class='ocrx_word' id='word_1_1' title='bbox 313 242 398 275; x_wconf 87' lang='lat'><strong>200</strong></span> <span class='ocrx_word' id='word_1_2' title='bbox 718 227 920 272; x_wconf 91' lang='lat' dir='ltr'>IOANN</span> <span class='ocrx_word' id='word_1_3' title='bbox 923 227 981 270; x_wconf 89' lang='lat' dir='ltr'><strong>IS</strong></span> <span class='ocrx_word' id='word_1_4' title='bbox 1011 226 1252 275; x_wconf 86' lang='lat' dir='ltr'>STOBAEI</span> 
     </span>
    </p>
   </div>
   <div class='ocr_carea' id='block_1_2' title="bbox 308 341 1412 993">
    <p class='ocr_par' dir='ltr' id='par_1_2' title="bbox 308 341 1412 765">
     <span class='ocr_line' id='line_1_2' title="bbox 310 341 1412 402; baseline -0.001 -15"><span class='ocrx_word' id='word_1_5' title='bbox 310 342 396 387; x_wconf 90' lang='lat' dir='ltr'><strong>Sed</strong></span> <span class='ocrx_word' id='word_1_6' title='bbox 414 342 523 385; x_wconf 88' lang='lat' dir='ltr'><strong>hanc</strong></span> <span class='ocrx_word' id='word_1_7' title='bbox 542 341 702 385; x_wconf 83' lang='lat' dir='ltr'><strong>servavi</strong></span> <span class='ocrx_word' id='word_1_8' title='bbox 721 350 818 385; x_wconf 87' lang='lat' dir='ltr'><strong>ante</strong></span> <span class='ocrx_word' id='word_1_9' title='bbox 836 342 918 386; x_wconf 80' lang='lat' dir='ltr'><strong>alia</strong></span> <span class='ocrx_word' id='word_1_10' title='bbox 933 359 944 385; x_wconf 75' lang='grc' dir='ltr'>ε</span> <span class='ocrx_word' id='word_1_11' title='bbox 975 357 1074 386; x_wconf 85' lang='lat' dir='ltr'><strong>nam</strong></span> <span class='ocrx_word' id='word_1_12' title='bbox 1092 343 1284 401; x_wconf 88' lang='lat' dir='ltr'><strong>quisquis</strong></span> <span class='ocrx_word' id='word_1_13' title='bbox 1304 343 1412 402; x_wconf 84' lang='lat' dir='ltr'><strong>sapit</strong></span> 
     </span>
     <span class='ocr_line' id='line_1_3' title="bbox 308 418 1310 476; baseline 0 -14"><span class='ocrx_word' id='word_1_14' title='bbox 308 418 429 462; x_wconf 91' lang='lat' dir='ltr'><strong>Nihil</strong></span> <span class='ocrx_word' id='word_1_15' title='bbox 446 426 672 476; x_wconf 85' lang='lat' dir='ltr'><strong>praevortet</strong></span> <span class='ocrx_word' id='word_1_16' title='bbox 690 418 829 470; x_wconf 81' lang='lat' dir='ltr'><strong>matri,</strong></span> <span class='ocrx_word' id='word_1_17' title='bbox 848 433 903 461; x_wconf 87' lang='lat' dir='ltr'><strong>ne</strong></span> <span class='ocrx_word' id='word_1_18' title='bbox 922 434 1096 476; x_wconf 87' lang='lat' dir='ltr'><strong>superos</strong></span> <span class='ocrx_word' id='word_1_19' title='bbox 1114 418 1310 476; x_wconf 88' lang='lat' dir='ltr'><strong>quidem:</strong></span> 
     </span>
     <span class='ocr_line' id='line_1_4' title="bbox 310 491 1269 550; baseline 0.001 -15"><span class='ocrx_word' id='word_1_20' title='bbox 310 492 441 535; x_wconf 85' lang='lat' dir='ltr'><strong>Unde</strong></span> <span class='ocrx_word' id='word_1_21' title='bbox 458 491 528 534; x_wconf 91' lang='lat' dir='ltr'><strong>ille</strong></span> <span class='ocrx_word' id='word_1_22' title='bbox 547 492 710 549; x_wconf 86' lang='lat' dir='ltr'><strong>sapiens</strong></span> <span class='ocrx_word' id='word_1_23' title='bbox 723 491 914 550; x_wconf 87' lang='lat' dir='ltr'><strong>quisquis</strong></span> <span class='ocrx_word' id='word_1_24' title='bbox 932 491 1017 535; x_wconf 84' lang='lat' dir='ltr'><strong>fuit</strong></span> <span class='ocrx_word' id='word_1_25' title='bbox 1034 491 1269 550; x_wconf 78' lang='lat' dir='ltr'><strong>antiquitus</strong></span> 
     </span>
     <span class='ocr_line' id='line_1_5' title="bbox 311 564 1165 623; baseline -0.001 -15"><span class='ocrx_word' id='word_1_26' title='bbox 311 566 447 608; x_wconf 79' lang='lat' dir='ltr'><strong>Matri</strong></span> <span class='ocrx_word' id='word_1_27' title='bbox 467 564 644 608; x_wconf 83' lang='lat' dir='ltr'><strong>sacravit</strong></span> <span class='ocrx_word' id='word_1_28' title='bbox 662 564 808 623; x_wconf 89' lang='lat' dir='ltr'><strong>templi</strong></span> <span class='ocrx_word' id='word_1_29' title='bbox 827 564 1165 618; x_wconf 79' lang='lat' dir='ltr'><strong>sanctitudinem,</strong></span> 
     </span>
     <span class='ocr_line' id='line_1_6' title="bbox 314 637 1277 696; baseline -0.002 -14"><span class='ocrx_word' id='word_1_30' title='bbox 314 640 425 682; x_wconf 89' lang='lat' dir='ltr'><strong>Rem</strong></span> <span class='ocrx_word' id='word_1_31' title='bbox 445 638 604 681; x_wconf 86' lang='lat' dir='ltr'><strong>nudam</strong></span> <span class='ocrx_word' id='word_1_32' title='bbox 624 637 793 696; x_wconf 89' lang='lat' dir='ltr'><strong>signans</strong></span> <span class='ocrx_word' id='word_1_33' title='bbox 811 653 897 680; x_wconf 90' lang='lat' dir='ltr'><strong>non</strong></span> <span class='ocrx_word' id='word_1_34' title='bbox 915 638 1080 695; x_wconf 81' lang='lat' dir='ltr'><strong>adjecto</strong></span> <span class='ocrx_word' id='word_1_35' title='bbox 1098 638 1277 682; x_wconf 90' lang='lat' dir='ltr'><strong>nomine.</strong></span> 
     </span>
     <span class='ocr_line' id='line_1_7' title="bbox 816 712 1159 765; baseline 0.003 -11"><span class='ocrx_word' id='word_1_36' title='bbox 816 723 882 765; x_wconf 87' lang='lat'><strong>14.</strong></span> <span class='ocrx_word' id='word_1_37' title='bbox 904 712 1159 755; x_wconf 74' lang='lat' dir='ltr'><strong>Menasnder.</strong></span> 
     </span>
    </p>

    <p class='ocr_par' dir='ltr' id='par_1_3' title="bbox 316 784 1410 993">
     <span class='ocr_line' id='line_1_8' title="bbox 372 784 1410 843; baseline 0 -15"><span class='ocrx_word' id='word_1_38' title='bbox 372 786 471 828; x_wconf 91' lang='lat' dir='ltr'><strong>Hoc</strong></span> <span class='ocrx_word' id='word_1_39' title='bbox 490 799 624 828; x_wconf 89' lang='lat' dir='ltr'><strong>unum</strong></span> <span class='ocrx_word' id='word_1_40' title='bbox 643 800 803 838; x_wconf 89' lang='lat' dir='ltr'><strong>vereor,</strong></span> <span class='ocrx_word' id='word_1_41' title='bbox 825 784 1065 843; x_wconf 84' lang='lat' dir='ltr'><strong>Clitiphon:</strong></span> <span class='ocrx_word' id='word_1_42' title='bbox 1095 785 1204 828; x_wconf 84' lang='lat' dir='ltr'><strong>male</strong></span> <span class='ocrx_word' id='word_1_43' title='bbox 1222 785 1410 830; x_wconf 87' lang='lat' dir='ltr'><strong>conscius</strong></span> 
     </span>
     <span class='ocr_line' id='line_1_9' title="bbox 317 859 1193 913; baseline 0 -11"><span class='ocrx_word' id='word_1_44' title='bbox 317 859 457 909; x_wconf 77' lang='lat' dir='ltr'><strong>Patris</strong></span> <span class='ocrx_word' id='word_1_45' title='bbox 475 875 550 902; x_wconf 87' lang='lat' dir='ltr'><strong>ora</strong></span> <span class='ocrx_word' id='word_1_46' title='bbox 568 874 654 902; x_wconf 92' lang='lat' dir='ltr'><strong>non</strong></span> <span class='ocrx_word' id='word_1_47' title='bbox 671 859 839 903; x_wconf 87' lang='lat' dir='ltr'>audebo</span> <span class='ocrx_word' id='word_1_48' title='bbox 858 859 1159 913; x_wconf 71' lang='lat' dir='ltr'><strong>contratuerier</strong></span> <span class='ocrx_word' id='word_1_49' title='bbox 1173 876 1193 902; x_wconf 42' lang='lat'><strong>:⁷</strong></span> 
     </span>
     <span class='ocr_line' id='line_1_10' title="bbox 316 932 1335 993; baseline -0.001 -17"><span class='ocrx_word' id='word_1_50' title='bbox 316 934 429 976; x_wconf 83' lang='lat' dir='ltr'><strong>Nam</strong></span> <span class='ocrx_word' id='word_1_51' title='bbox 447 932 611 992; x_wconf 86' lang='lat' dir='ltr'><strong>reliqua</strong></span> <span class='ocrx_word' id='word_1_52' title='bbox 629 933 777 993; x_wconf 71' lang='lat' dir='ltr'><strong>effecta</strong></span> <span class='ocrx_word' id='word_1_53' title='bbox 794 932 896 976; x_wconf 84' lang='lat' dir='ltr'><strong>dare</strong></span> <span class='ocrx_word' id='word_1_54' title='bbox 913 948 1000 975; x_wconf 89' lang='lat' dir='ltr'><strong>non</strong></span> <span class='ocrx_word' id='word_1_55' title='bbox 1018 932 1335 991; x_wconf 85' lang='lat' dir='ltr'><strong>desperaverim.</strong></span> 
     </span>
    </p>
   </div>
   <div class='ocr_carea' id='block_1_3' title="bbox 693 1007 1282 1065">
    <p class='ocr_par' dir='ltr' id='par_1_4' title="bbox 693 1007 1282 1065">
     <span class='ocr_line' id='line_1_11' title="bbox 693 1007 1282 1065; baseline -0.002 -16"><span class='ocrx_word' id='word_1_56' title='bbox 693 1016 760 1064; x_wconf 86' lang='lat'><strong>15.</strong></span> <span class='ocrx_word' id='word_1_57' title='bbox 780 1007 1020 1065; x_wconf 56' lang='lat' dir='ltr'><strong>Euo-spida</strong></span> <span class='ocrx_word' id='word_1_58' title='bbox 1038 1007 1282 1050; x_wconf 74' lang='lat' dir='ltr'><strong>Alcmaeone.</strong></span> 
     </span>
    </p>
   </div>
   <div class='ocr_carea' id='block_1_4' title="bbox 321 1079 1385 1209">
    <p class='ocr_par' dir='ltr' id='par_1_5' title="bbox 321 1079 1385 1209">
     <span class='ocr_line' id='line_1_12' title="bbox 377 1079 1385 1139; baseline 0.001 -17"><span class='ocrx_word' id='word_1_59' title='bbox 377 1079 610 1122; x_wconf 89' lang='lat' dir='ltr'><strong>Commissa</strong></span> <span class='ocrx_word' id='word_1_60' title='bbox 627 1095 725 1138; x_wconf 87' lang='lat' dir='ltr'><strong>quae</strong></span> <span class='ocrx_word' id='word_1_61' title='bbox 745 1087 845 1123; x_wconf 84' lang='lat' dir='ltr'><strong>sunt</strong></span> <span class='ocrx_word' id='word_1_62' title='bbox 862 1079 907 1122; x_wconf 91' lang='lat' dir='ltr'><strong>in</strong></span> <span class='ocrx_word' id='word_1_63' title='bbox 925 1088 1134 1139; x_wconf 83' lang='lat' dir='ltr'><strong>parentes,</strong></span> <span class='ocrx_word' id='word_1_64' title='bbox 1153 1080 1244 1123; x_wconf 87' lang='lat' dir='ltr'><strong>haec</strong></span> <span class='ocrx_word' id='word_1_65' title='bbox 1263 1080 1385 1123; x_wconf 88' lang='lat' dir='ltr'><strong>Deus</strong></span> 
     </span>
     <span class='ocr_line' id='line_1_13' title="bbox 321 1151 738 1209; baseline 0.002 -16"><span class='ocrx_word' id='word_1_66' title='bbox 321 1151 595 1209; x_wconf 85' lang='lat' dir='ltr'><strong>Persequitur</strong></span> <span class='ocrx_word' id='word_1_67' title='bbox 614 1151 738 1195; x_wconf 85' lang='lat' dir='ltr'><strong>ultor.</strong></span> 
     </span>
    </p>
   </div>
   <div class='ocr_carea' id='block_1_5' title="bbox 306 1216 1528 2819">
    <p class='ocr_par' dir='ltr' id='par_1_6' title="bbox 306 1216 1528 2819">
     <span class='ocr_line' id='line_1_14' title="bbox 810 1216 1143 1287; baseline 0 -16"><span class='ocrx_word' id='word_1_68' title='bbox 810 1216 815 1222; x_wconf 85' lang='lat'>&#39;</span> <span class='ocrx_word' id='word_1_69' title='bbox 837 1228 903 1271; x_wconf 88' lang='lat'><strong>16.</strong></span> <span class='ocrx_word' id='word_1_70' title='bbox 922 1228 1143 1287; x_wconf 61' lang='lat' dir='ltr'><em>offlam.</em></span> 
     </span>
     <span class='ocr_line' id='line_1_15' title="bbox 380 1297 1148 1359; baseline 0.005 -19"><span class='ocrx_word' id='word_1_71' title='bbox 380 1297 426 1340; x_wconf 90' lang='lat' dir='ltr'><strong>Si</strong></span> <span class='ocrx_word' id='word_1_72' title='bbox 442 1306 561 1355; x_wconf 84' lang='lat' dir='ltr'><strong>patre</strong></span> <span class='ocrx_word' id='word_1_73' title='bbox 580 1298 725 1343; x_wconf 87' lang='lat' dir='ltr'><strong>videor</strong></span> <span class='ocrx_word' id='word_1_74' title='bbox 738 1299 918 1357; x_wconf 81' lang='lat' dir='ltr'><strong>justiora</strong></span> <span class='ocrx_word' id='word_1_75' title='bbox 935 1301 1148 1359; x_wconf 85' lang='lat' dir='ltr'><strong>proloqui,</strong></span> 
     </span>
     <span class='ocr_line' id='line_1_16' title="bbox 324 1370 1192 1434; baseline 0.006 -20"><span class='ocrx_word' id='word_1_76' title='bbox 324 1370 499 1415; x_wconf 74' lang='lat' dir='ltr'><strong>Pietatis</strong></span> <span class='ocrx_word' id='word_1_77' title='bbox 519 1387 612 1415; x_wconf 91' lang='lat' dir='ltr'><strong>sum</strong></span> <span class='ocrx_word' id='word_1_78' title='bbox 631 1372 833 1426; x_wconf 70' lang='lat' dir='ltr'><strong>desertor,</strong></span> <span class='ocrx_word' id='word_1_79' title='bbox 847 1374 892 1416; x_wconf 91' lang='lat' dir='ltr'><strong>in</strong></span> <span class='ocrx_word' id='word_1_80' title='bbox 911 1389 980 1418; x_wconf 88' lang='lat' dir='ltr'><strong>me</strong></span> <span class='ocrx_word' id='word_1_81' title='bbox 997 1375 1192 1434; x_wconf 88' lang='lat' dir='ltr'><strong>injurius,</strong></span> 
     </span>
     <span class='ocr_line' id='line_1_17' title="bbox 322 1445 1220 1505; baseline 0.006 -17"><span class='ocrx_word' id='word_1_82' title='bbox 322 1445 532 1489; x_wconf 81' lang='lat' dir='ltr'><strong>Molestus</strong></span> <span class='ocrx_word' id='word_1_83' title='bbox 549 1446 610 1489; x_wconf 90' lang='lat' dir='ltr'><strong>illi</strong></span> <span class='ocrx_word' id='word_1_84' title='bbox 629 1447 705 1505; x_wconf 89' lang='lat' dir='ltr'><strong>qui</strong></span> <span class='ocrx_word' id='word_1_85' title='bbox 723 1455 786 1491; x_wconf 86' lang='lat' dir='ltr'><strong>est</strong></span> <span class='ocrx_word' id='word_1_86' title='bbox 804 1448 1010 1492; x_wconf 81' lang='lat' dir='ltr'><strong>amandus</strong></span> <span class='ocrx_word' id='word_1_87' title='bbox 1027 1450 1220 1493; x_wconf 87' lang='lat' dir='ltr'><strong>maxime.</strong></span> 
     </span>
     <span class='ocr_line' id='line_1_18' title="bbox 843 1524 1154 1579; baseline 0.003 -15"><span class='ocrx_word' id='word_1_88' title='bbox 843 1532 909 1579; x_wconf 89' lang='lat'><strong>17.</strong></span> <span class='ocrx_word' id='word_1_89' title='bbox 936 1524 1154 1567; x_wconf 74' lang='lat' dir='ltr'><strong>Timocles.</strong></span> 
     </span>
     <span class='ocr_line' id='line_1_19' title="bbox 306 1591 1293 1654; baseline 0.006 -21"><span class='ocrx_word' id='word_1_90' title='bbox 306 1603 312 1608; x_wconf 85' lang='lat'>·</span> <span class='ocrx_word' id='word_1_91' title='bbox 383 1591 584 1649; x_wconf 86' lang='lat' dir='ltr'><strong>Quisquis</strong></span> <span class='ocrx_word' id='word_1_92' title='bbox 601 1593 736 1636; x_wconf 88' lang='lat' dir='ltr'><strong>vereri</strong></span> <span class='ocrx_word' id='word_1_93' title='bbox 754 1594 902 1638; x_wconf 85' lang='lat' dir='ltr'>didicit</span> <span class='ocrx_word' id='word_1_94' title='bbox 919 1611 946 1638; x_wconf 86' lang='lat' dir='ltr'><strong>a</strong></span> <span class='ocrx_word' id='word_1_95' title='bbox 963 1611 1098 1653; x_wconf 90' lang='lat' dir='ltr'><strong>puero</strong></span> <span class='ocrx_word' id='word_1_96' title='bbox 1115 1605 1293 1654; x_wconf 83' lang='lat' dir='ltr'><strong>patrem,</strong></span> 
     </span>
     <span class='ocr_line' id='line_1_20' title="bbox 324 1665 1256 1726; baseline 0.005 -18"><span class='ocrx_word' id='word_1_97' title='bbox 324 1665 448 1708; x_wconf 88' lang='lat' dir='ltr'><strong>Idem</strong></span> <span class='ocrx_word' id='word_1_98' title='bbox 467 1667 684 1724; x_wconf 77' lang='lat' dir='ltr'><strong>praestabit</strong></span> <span class='ocrx_word' id='word_1_99' title='bbox 702 1676 745 1710; x_wconf 83' lang='lat' dir='ltr'><strong>et</strong></span> <span class='ocrx_word' id='word_1_100' title='bbox 762 1668 910 1726; x_wconf 79' lang='lat' dir='ltr'><strong>patriae</strong></span> <span class='ocrx_word' id='word_1_101' title='bbox 929 1669 1063 1712; x_wconf 88' lang='lat' dir='ltr'><strong>civem</strong></span> <span class='ocrx_word' id='word_1_102' title='bbox 1080 1669 1256 1723; x_wconf 92' lang='lat' dir='ltr'><strong>bonum,</strong></span> 
     </span>
     <span class='ocr_line' id='line_1_21' title="bbox 324 1738 1181 1799; baseline 0.005 -18"><span class='ocrx_word' id='word_1_103' title='bbox 324 1738 387 1782; x_wconf 84' lang='lat' dir='ltr'><strong>Et</strong></span> <span class='ocrx_word' id='word_1_104' title='bbox 405 1754 580 1797; x_wconf 83' lang='lat' dir='ltr'><strong>magnas</strong></span> <span class='ocrx_word' id='word_1_105' title='bbox 598 1740 736 1784; x_wconf 79' lang='lat' dir='ltr'><strong>clades</strong></span> <span class='ocrx_word' id='word_1_106' title='bbox 754 1741 1043 1799; x_wconf 89' lang='lat' dir='ltr'><strong>perduellibus</strong></span> <span class='ocrx_word' id='word_1_107' title='bbox 1060 1742 1181 1785; x_wconf 83' lang='lat' dir='ltr'><strong>feret.</strong></span> 
     </span>
     <span class='ocr_line' id='line_1_22' title="bbox 828 1816 1168 1858; baseline 0.003 -1"><span class='ocrx_word' id='word_1_108' title='bbox 828 1816 894 1858; x_wconf 87' lang='lat'><strong>18.</strong></span> <span class='ocrx_word' id='word_1_109' title='bbox 915 1816 1168 1858; x_wconf 60' lang='lat' dir='ltr'><strong>Menander.</strong></span> 
     </span>
     <span class='ocr_line' id='line_1_23' title="bbox 384 1885 1335 1949; baseline 0.006 -21"><span class='ocrx_word' id='word_1_110' title='bbox 384 1885 565 1930; x_wconf 89' lang='lat' dir='ltr'><strong>Difficile</strong></span> <span class='ocrx_word' id='word_1_111' title='bbox 584 1903 669 1931; x_wconf 91' lang='lat' dir='ltr'><strong>non</strong></span> <span class='ocrx_word' id='word_1_112' title='bbox 688 1897 751 1932; x_wconf 81' lang='lat' dir='ltr'><strong>est</strong></span> <span class='ocrx_word' id='word_1_113' title='bbox 769 1904 936 1932; x_wconf 88' lang='lat' dir='ltr'><strong>noscere</strong></span> <span class='ocrx_word' id='word_1_114' title='bbox 954 1890 1172 1948; x_wconf 89' lang='lat' dir='ltr'><strong>ingenium</strong></span> <span class='ocrx_word' id='word_1_115' title='bbox 1189 1891 1335 1949; x_wconf 81' lang='lat' dir='ltr'><strong>patriS,</strong></span> 
     </span>
     <span class='ocr_line' id='line_1_24' title="bbox 328 1958 1431 2018; baseline 0.006 -18"><span class='ocrx_word' id='word_1_116' title='bbox 328 1958 467 2010; x_wconf 77' lang='lat' dir='ltr'><strong>Quam</strong></span> <span class='ocrx_word' id='word_1_117' title='bbox 485 1959 664 2018; x_wconf 91' lang='lat' dir='ltr'><strong>quisque</strong></span> <span class='ocrx_word' id='word_1_118' title='bbox 683 1968 823 2004; x_wconf 87' lang='lat' dir='ltr'><strong>tenere</strong></span> <span class='ocrx_word' id='word_1_119' title='bbox 841 1971 969 2015; x_wconf 84' lang='lat' dir='ltr'><strong>amat,</strong></span> <span class='ocrx_word' id='word_1_120' title='bbox 985 1971 1072 2005; x_wconf 83' lang='lat' dir='ltr'><strong>tam</strong></span> <span class='ocrx_word' id='word_1_121' title='bbox 1090 1963 1211 2006; x_wconf 78' lang='lat' dir='ltr'><strong>facile</strong></span> <span class='ocrx_word' id='word_1_122' title='bbox 1229 1963 1431 2007; x_wconf 82' lang='lat' dir='ltr'><strong>irascitur.</strong></span> 
     </span>
     <span class='ocr_line' id='line_1_25' title="bbox 720 2027 1416 2093; baseline 0.004 -17"><span class='ocrx_word' id='word_1_123' title='bbox 720 2047 785 2091; x_wconf 90' lang='lat'><strong>19.</strong></span> <span class='ocrx_word' id='word_1_124' title='bbox 806 2036 1043 2093; x_wconf 61' lang='lat' dir='ltr'><strong>Euripides</strong></span> <span class='ocrx_word' id='word_1_125' title='bbox 1062 2036 1278 2080; x_wconf 75' lang='lat' dir='ltr'><strong>Archelao.</strong></span> <span class='ocrx_word' id='word_1_126' title='bbox 1414 2027 1416 2029; x_wconf 6' lang='grc' dir='ltr'><strong><em>θ</em></strong></span> 
     </span>
     <span class='ocr_line' id='line_1_26' title="bbox 387 2100 1327 2167; baseline 0.006 -21"><span class='ocrx_word' id='word_1_127' title='bbox 387 2105 522 2147; x_wconf 78' lang='lat' dir='ltr'><strong>Natos</strong></span> <span class='ocrx_word' id='word_1_128' title='bbox 541 2119 705 2148; x_wconf 86' lang='lat' dir='ltr'><strong>necesse</strong></span> <span class='ocrx_word' id='word_1_129' title='bbox 724 2100 786 2156; x_wconf 77' lang='lat' dir='ltr'><strong>est</strong></span> <span class='ocrx_word' id='word_1_130' title='bbox 805 2108 936 2164; x_wconf 87' lang='lat' dir='ltr'><strong>patris</strong></span> <span class='ocrx_word' id='word_1_131' title='bbox 954 2109 1177 2166; x_wconf 90' lang='lat' dir='ltr'><strong>imperium</strong></span> <span class='ocrx_word' id='word_1_132' title='bbox 1198 2110 1327 2167; x_wconf 89' lang='lat' dir='ltr'><strong>sequi.</strong></span> 
     </span>
     <span class='ocr_line' id='line_1_27' title="bbox 745 2181 1247 2240; baseline 0.002 -17"><span class='ocrx_word' id='word_1_133' title='bbox 745 2191 815 2223; x_wconf 89' lang='grc' dir='ltr'><strong>2ο.</strong></span> <span class='ocrx_word' id='word_1_134' title='bbox 835 2181 1056 2238; x_wconf 73' lang='lat' dir='ltr'><strong>Sophocles</strong></span> <span class='ocrx_word' id='word_1_135' title='bbox 1078 2182 1247 2240; x_wconf 75' lang='lat' dir='ltr'><strong>OEdipo.</strong></span> 
     </span>
     <span class='ocr_line' id='line_1_28' title="bbox 387 2248 1390 2312; baseline 0.008 -21"><span class='ocrx_word' id='word_1_136' title='bbox 387 2248 543 2292; x_wconf 89' lang='lat' dir='ltr'><strong>Vultus</strong></span> <span class='ocrx_word' id='word_1_137' title='bbox 563 2260 786 2309; x_wconf 82' lang='lat' dir='ltr'><strong>parentum</strong></span> <span class='ocrx_word' id='word_1_138' title='bbox 805 2268 972 2296; x_wconf 87' lang='lat' dir='ltr'><strong>cernere</strong></span> <span class='ocrx_word' id='word_1_139' title='bbox 990 2255 1296 2312; x_wconf 84' lang='lat' dir='ltr'><strong>optatissimum</strong></span> <span class='ocrx_word' id='word_1_140' title='bbox 1316 2264 1390 2299; x_wconf 86' lang='lat' dir='ltr'><strong>est.</strong></span> 
     </span>
     <span class='ocr_line' id='line_1_29' title="bbox 688 2324 1262 2384; baseline 0.003 -17"><span class='ocrx_word' id='word_1_141' title='bbox 688 2324 696 2333; x_wconf 50' lang='lat'>⁸</span> <span class='ocrx_word' id='word_1_142' title='bbox 735 2335 803 2367; x_wconf 84' lang='lat'><strong>21.</strong></span> <span class='ocrx_word' id='word_1_143' title='bbox 824 2325 1042 2368; x_wconf 74' lang='lat' dir='ltr'><strong>Homerus</strong></span> <span class='ocrx_word' id='word_1_144' title='bbox 1063 2327 1262 2384; x_wconf 58' lang='lat' dir='ltr'><strong>Odyssea.</strong></span> 
     </span>
     <span class='ocr_line' id='line_1_30' title="bbox 387 2394 1528 2460; baseline 0.01 -25"><span class='ocrx_word' id='word_1_145' title='bbox 387 2394 487 2436; x_wconf 92' lang='lat' dir='ltr'><strong>Non</strong></span> <span class='ocrx_word' id='word_1_146' title='bbox 506 2396 893 2452; x_wconf 85' lang='lat' dir='ltr'><strong>Agamemnoniden</strong></span> <span class='ocrx_word' id='word_1_147' title='bbox 911 2399 1034 2441; x_wconf 86' lang='lat' dir='ltr'><strong>audis</strong></span> <span class='ocrx_word' id='word_1_148' title='bbox 1051 2416 1181 2457; x_wconf 80' lang='lat' dir='ltr'><strong>quam</strong></span> <span class='ocrx_word' id='word_1_149' title='bbox 1198 2401 1310 2444; x_wconf 85' lang='lat' dir='ltr'><strong>clara</strong></span> <span class='ocrx_word' id='word_1_150' title='bbox 1328 2411 1528 2460; x_wconf 85' lang='lat' dir='ltr'><strong>sequatur</strong></span> 
     </span>
     <span class='ocr_line' id='line_1_31' title="bbox 332 2465 1372 2530; baseline 0.009 -24"><span class='ocrx_word' id='word_1_151' title='bbox 332 2465 478 2518; x_wconf 84' lang='lat' dir='ltr'><strong>Fama,</strong></span> <span class='ocrx_word' id='word_1_152' title='bbox 498 2467 630 2524; x_wconf 84' lang='lat' dir='ltr'><strong>patris</strong></span> <span class='ocrx_word' id='word_1_153' title='bbox 648 2468 805 2511; x_wconf 86' lang='lat' dir='ltr'><strong>caedem</strong></span> <span class='ocrx_word' id='word_1_154' title='bbox 818 2469 936 2527; x_wconf 85' lang='lat' dir='ltr'><strong>justa</strong></span> <span class='ocrx_word' id='word_1_155' title='bbox 954 2471 1071 2527; x_wconf 91' lang='lat' dir='ltr'><strong>quod</strong></span> <span class='ocrx_word' id='word_1_156' title='bbox 1090 2471 1205 2514; x_wconf 84' lang='lat' dir='ltr'><strong>caede</strong></span> <span class='ocrx_word' id='word_1_157' title='bbox 1223 2472 1372 2530; x_wconf 80' lang='lat' dir='ltr'><strong>piarit?</strong></span> 
     </span>
     <span class='ocr_line' id='line_1_32' title="bbox 836 2543 1174 2601; baseline 0.006 -16"><span class='ocrx_word' id='word_1_158' title='bbox 836 2554 902 2586; x_wconf 82' lang='lat'><strong>22.</strong></span> <span class='ocrx_word' id='word_1_159' title='bbox 923 2543 1174 2601; x_wconf 52' lang='lat' dir='ltr'><strong>Euripides.</strong></span> 
     </span>
     <span class='ocr_line' id='line_1_33' title="bbox 390 2606 1296 2673; baseline 0.008 -20"><span class='ocrx_word' id='word_1_160' title='bbox 390 2606 653 2670; x_wconf 30' lang='lat' dir='ltr'><strong>Natos-patri</strong></span> <span class='ocrx_word' id='word_1_161' title='bbox 673 2613 885 2667; x_wconf 87' lang='lat' dir='ltr'><strong>inservire,</strong></span> <span class='ocrx_word' id='word_1_162' title='bbox 900 2616 975 2672; x_wconf 87' lang='lat' dir='ltr'><strong>jus</strong></span> <span class='ocrx_word' id='word_1_163' title='bbox 993 2624 1036 2659; x_wconf 87' lang='lat' dir='ltr'><strong>et</strong></span> <span class='ocrx_word' id='word_1_164' title='bbox 1053 2616 1118 2658; x_wconf 82' lang='lat' dir='ltr'><strong>fas</strong></span> <span class='ocrx_word' id='word_1_165' title='bbox 1131 2617 1296 2673; x_wconf 87' lang='lat' dir='ltr'><strong>jubent.</strong></span> 
     </span>
     <span class='ocr_line' id='line_1_34' title="bbox 770 2688 1234 2743; baseline 0.002 -13"><span class='ocrx_word' id='word_1_166' title='bbox 770 2699 839 2743; x_wconf 83' lang='lat'><strong>23.</strong></span> <span class='ocrx_word' id='word_1_167' title='bbox 860 2688 979 2730; x_wconf 85' lang='lat' dir='ltr'><strong>Idem</strong></span> <span class='ocrx_word' id='word_1_168' title='bbox 998 2689 1234 2731; x_wconf 78' lang='lat' dir='ltr'><strong>Alcmaeone.</strong></span> 
     </span>
     <span class='ocr_line' id='line_1_35' title="bbox 391 2757 1263 2819; baseline 0.009 -21"><span class='ocrx_word' id='word_1_169' title='bbox 391 2757 501 2799; x_wconf 82' lang='lat' dir='ltr'><strong>Nam</strong></span> <span class='ocrx_word' id='word_1_170' title='bbox 521 2774 607 2815; x_wconf 91' lang='lat' dir='ltr'><strong>quo</strong></span> <span class='ocrx_word' id='word_1_171' title='bbox 626 2769 818 2816; x_wconf 88' lang='lat' dir='ltr'><strong>parentes</strong></span> <span class='ocrx_word' id='word_1_172' title='bbox 836 2760 988 2804; x_wconf 88' lang='lat' dir='ltr'><strong>liberos</strong></span> <span class='ocrx_word' id='word_1_173' title='bbox 1006 2770 1152 2819; x_wconf 85' lang='lat' dir='ltr'><strong>optent</strong></span> <span class='ocrx_word' id='word_1_174' title='bbox 1171 2763 1263 2814; x_wconf 89' lang='lat' dir='ltr'><strong>sibi,</strong></span> 
     </span>
    </p>
   </div>
  </div>
 </body>
</html>
