1838 3276
448 279 915 327 FLORILEGIUM.
947 281 1053 323 Trr.
1080 294 1094 323 1
1103 293 1143 323 0.

194 400 290 443 Non
311 398 470 450 calices,
490 411 574 439 non
595 405 638 439 te
655 394 839 439 σαι-11111111
856 393 954 437 laeta
965 394 1131 451 juvant.

135 472 335 516 Discedes
353 470 508 514 tabulis
526 468 829 527 locupletibus:>
859 477 903 509 et
921 466 998 509 tibi
1017 481 1156 508 sumes

194 545 342 587 Unum
362 541 568 600 congestis
586 555 640 583 ex
658 539 793 584 obolis
809 538 994 582 obolum.v

140 607 142 609 ’
403 617 610 658 tamma.
634 612 834 670 [Antholff
853 611 945 655 Pal.-
966 612 1056 654 xl.
1077 612 1198 670 397·]

139 688 434 734 Artemidorus
451 688 580 731 habet
597 686 734 730 decies
750 680 869 744 quod
885 694 1115 743 computet,
1135 694 1176 727 et
1197 685 1255 728 nil

195 766 383 822 Erogat:
416 761 532 805 haud
551 760 671 803 aliter
688 759 829 802 vivere
846 758 963 801 mula
980 758 1100 810 solet,

141 837 294 895 Bajula
311 851 409 894 quae
427 834 563 877 multo
579 847 677 876 cum
696 831 820 875 sudet
837 846 980 889 pressa
999 831 1080 874 sub
1097 846 1216 882 111110,

195 912 301 954 Tam
321 908 503 968 pretiosa
519 921 669 966 gerens
686 905 889 964 pondera,
908 915 1081 963 gramen
1100 905 1199 947 edit.

420 999 621 1041 Incertus.
644 992 841 1053 [Anthol.
863 995 954 1038 Pal.
976 995 1059 1037 xl.
1085 995 1201 1051 166.]

145 1075 210 1117 Sis
227 1074 318 1117 aliis
336 1074 478 1116 dives:
509 1082 620 1115 certe
637 1071 740 1114 mihi
759 1086 922 1129 pauper
939 1067 1127 1112 haberis:

201 1147 382 1189 Divitias
400 1160 502 1188 usus
520 1151 738 1194 monstrat,
758 1142 1087 1200 Apollophanes.

145 1220 291 1264 Uteris
310 1220 398 1278 ipse
415 1217 560 1261 bonis?
591 1217 693 1258 Tua
711 1224 821 1257 sunt.
872 1214 1117 1256 Heredibus
1135 1222 1275 1256 autem

203 1294 310 1345 Quae
330 1306 482 1342 servas,
496 1289 586 1348 jam
605 1303 718 1331 nunc
736 1287 827 1330 haec
846 1286 981 1329 aliena
998 1295 1116 1345 puto.

414 1381 619 1424 Lucilius.
642 1377 840 1436 [Anthol.
864 1376 954 1419 Pal.
981 1377 1072 1419 XI.
1090 1389 1188 1433 309.
1193 1376 1212 1434 ]

148 1455 471 1515 Thmymache,
490 1452 630 1498 hostili
652 1451 794 1508 (doleo
812 1453 1002 1509 quoque)
1021 1446 1172 1492 fraude
1190 1449 1361 1530 petitus,

206 1531 291 1582 Qui
310 1530 450 1572 fueras
468 1528 597 1579 dives,
617 1526 754 1570 factus
772 1541 830 1577 eS,
850 1539 958 1577 ecce,
978 1522 1108 1572 nihil;

150 1606 268 1647 Dum
288 1602 438 1662 parciS,
457 1615 664 1652 numeras,
685 1596 729 1641 in
747 1598 908 1641 foenore
927 1597 1089 1639 foenora
1106 1594 1240 1654 ponis,

209 1676 436 1720 Deducens
454 1672 589 1716 ventri
608 1669 780 1730 pabula,
799 1680 924 1729 potor
942 1685 1076 1728 aquae.

154 1750 237 1794 Sed
257 1749 291 1792 si
309 1747 443 1807 pocla,
463 1745 572 1789 bibis
591 1760 688 1803 quae
707 1758 835 1806 nunc,
855 1758 1037 1801 quaeque
1055 1751 1152 1785 ante
1170 1740 1326 1791 bibisti,

212 1822 402 1874 confers,
422 1820 606 1863 invenies
624 1819 684 1863 nil
703 1817 872 1877 periisse
890 1814 980 1861 tibi.

466 1910 593 1952 Idem.
616 1901 814 1965 [Anthol.
836 1901 926 1950 Pal.
950 1901 1032 1949 XI.
1052 1907 1176 1964 391.]

156 1984 330 2026 Murem
349 1980 620 2039 Asclepiades
637 1994 735 2022 cum
754 1977 1033 2036 conspexisset
1052 1990 1217 2027 avarus,

215 2055 330 2108 Quid
349 2052 450 2097 facis
466 2048 522 2096 ab
532 2059 711 2104 nostrae,
731 2045 854 2102 dixit,
874 2046 1018 2102 amice,
1039 2044 1179 2091 domi?

158 2130 242 2173 Cui
261 2144 369 2180 mus,
390 2129 522 2170 Parce
540 2132 670 2177 metu,
690 2119 918 2183 respondit,
937 2118 1061 2166 dulce
1079 2116 1296 2169 renidens;

218 2202 328 2245 Heic
344 2217 423 2260 ego
442 2216 526 2243 non
547 2199 703 2242 victum
723 2213 882 2256 quaero,
905 2196 978 2239 sed
995 2192 1236 2254 hospitium.

257 2287 535 2331 Macedonius
552 2284 815 2328 emulari-e.
838 2280 1030 2338 [Anthol.
1051 2279 1142 2323 Pal.
1165 2277 1248 2320 XI.
1269 2277 1390 2334 366]

159 2361 431 2405 Thesaurum
450 2359 605 2419 reperit
621 2374 697 2417 per
715 2357 874 2400 somnia
893 2371 1029 2414 nuper
1046 2369 1211 2405 avarus,

220 2433 528 2492 Concupiitque
547 2431 668 2485 mori,
687 2431 806 2474 dives
821 2428 1087 2488 imaginibus.

163 2510 229 2552 At
246 2517 469 2567 postquam
488 2515 684 2558 veterem,
705 2504 811 2547 lucri
828 2502 1089 2561 fugientibus
1107 2499 1279 2551 umbris,

222 2582 472 2640 Pauperiem
491 2579 676 2639 agnovit,
696 2578 852 2622 dormit
870 2585 921 2620 ut
938 2585 1034 2619 ante
1053 2575 1168 2618 solet.

451 2663 655 2707 Lucilius.
679 2660 877 2718 [Anthol.
899 2659 989 2703 Pal.
1006 2660 1090 2702 XI.
1109 2658 1228 2715 264]

167 2739 218 2781 ln
237 2738 389 2781 somnis
406 2735 567 2794 aliqmd
585 2743 750 2778 sumtus
765 2733 868 2793 quia
884 2733 1039 2776 fecerat
1058 2733 1265 2781 Hermon,

228 2810 456 2869 Suspendit
474 2825 562 2854 sese
579 2818 755 2852 moestus
770 2806 959 2851 avaritia.

1334 287 1463 330 ·45
