1780 3178
404 257 492 302 300
722 256 730 261 ”
801 245 1062 288 IOANNIS
1094 245 1341 290 STOBAEI

975 371 1016 413 4.
1030 360 1162 402 Idem.
1204 391 1211 399 .

459 434 557 492 Ipsa
575 433 704 492 dapes
721 433 821 476 olim
841 433 979 477 Niobe
997 432 1278 492 pulcherrima
1297 436 1460 488 sumsit,
1528 435 1532 438 ⁴

402 509 514 550 Cum
532 507 695 550 bissena
714 523 800 550 suae
819 518 1056 552 numeraret
1074 508 1224 551 funera
1242 507 1384 566 prolis,

403 581 485 623 Sex
499 581 690 638 juveneS‚
710 580 883 623 totidem
902 580 1104 638 primaevo
1122 581 1226 624 flore
1243 581 1416 639 puellas.

904 666 945 711 5.
967 650 1224 707 Simonides.

455 728 545 770 Nos
566 728 618 771 de
636 728 831 786 peremtis
849 743 964 781 cura,
985 729 1019 770 si
1038 737 1186 786 pectus
1202 729 1328 787 sapit,

400 803 617 846 Mordebit
635 819 720 846 una
739 819 822 846 non
842 803 1002 846 diutius
1020 803 1100 846 die.

903 881 943 921 6.
964 879 1218 923 Menander.

454 952 551 1003 Quo
569 966 711 994 omnes
729 967 893 1004 venere,
909 967 985 994 nos
1004 960 1217 1009 exspectat
1237 952 1451 996 terminus.

396 1025 602 1078 Ferenda,
622 1024 766 1078 amice,
787 1034 885 1068 sunt
904 1023 1014 1068 mala
1031 1025 1266 1068 istiusmodi
1282 1042 1295 1076 ;

395 1098 597 1140 Humana
613 1097 811 1150 humane,
830 1097 1068 1141 communia
1079 1097 1367 1141 communiter.

817 1182 872 1227 ·7.
892 1171 1130 1229 Euripides
1147 1171 1289 1214 Inone.

453 1244 560 1295 Quae
580 1258 667 1286 sors
687 1243 740 1285 sit
756 1243 974 1286 hominum
994 1243 1120 1297 disce,
1141 1259 1217 1287 nee
1236 1243 1413 1287 nimium
1433 1244 1552 1288 dole:

397 1317 509 1360 Mihi
528 1317 664 1370 crede,
685 1331 769 1360 non
788 1326 837 1360 tu
856 1317 945 1361 sola
962 1318 1175 1365 conflictae
1194 1317 1325 1362 maJis.

834 1392 872 1434 8.
894 1391 1013 1434 Idem
1033 1391 1279 1435 Protesilao.

447 1465 568 1509 Tulit
585 1465 656 1508 ille
674 1465 789 1524 quod
810 1474 852 1509 te
869 1465 1025 1524 pariter
1043 1475 1171 1523 atque
1189 1480 1333 1509 omnes
1351 1475 1503 1509 manet.

910 1554 949 1596 9.
976 1539 1206 1598 Theognis.
1392 1527 1412 1554 ²

390 1611 473 1655 Vix
491 1612 688 1671 patienda
706 1612 878 1670 quidem
896 1612 1093 1670 patimur.
1146 1613 1314 1655 Patiare
1333 1621 1487 1665 tamen,
1507 1627 1579 1656 cor
1593 1630 1606 1655 z

447 1686 633 1730 Pectoris
651 1686 792 1744 ignavi
811 1695 873 1729 est
891 1686 1000 1729 dura
1018 1686 1191 1743 nequire
1209 1686 1309 1744 pati.
1346 1703 1352 1708 ·

389 1760 463 1803 Nil
480 1761 740 1818 profecturos
757 1775 833 1803 nec
851 1759 938 1802 alas
955 1759 999 1801 in
1019 1767 1158 1802 mente
1177 1758 1352 1812 dolores,

445 1835 591 1892 Teque
611 1842 653 1876 et
672 1833 900 1876 amicorum
919 1842 1088 1890 pectora
1106 1832 1328 1876 discrucies

389 1910 526 1951 Hoste
545 1917 620 1951 tuo
637 1908 860 1966 gaudente.
910 1908 1050 1950 Deum
1070 1906 1213 1949 fatalia
1232 1906 1344 1948 dona

445 1981 641 2024 Mortalis
658 1980 825 2038 genitus
843 1995 928 2023 non
944 1979 1066 2022 facile
1084 1977 1272 2036 effugias.

806 2067 870 2097 10.
892 2054 1082 2096 Philetas⁸
1102 2053 1299 2095 Luc-ibus.

386 2128 559 2185 Lugens
578 2143 631 2169 ex
650 2127 788 2169 animo
806 2127 967 2170 modice
985 2125 1216 2183 dicflsuavia
1232 2125 1359 2177 dicta,

442 2201 643 2244 Defuncti
662 2216 738 2243 nec
758 2201 813 2243 sis
830 2201 1047 2242 immemor
1064 2199 1232 2242 interea.

710 2278 713 2281 “
735 2288 751 2315 1
765 2288 799 2316 1.
820 2275 938 2316 Idem
957 2274 1370 2331 Espigwammatibus.

383 2349 482 2391 Non
501 2364 580 2406 ego
600 2357 641 2390 te
659 2347 846 2399 miseror,
865 2347 1070 2390 carissime
1082 2362 1095 2388 τ
1124 2361 1221 2388 nam
1239 2346 1351 2389 bona
1367 2344 1503 2390 multa

440 2424 552 2465 Cum
572 2421 748 2474 dederit,
768 2430 929 2479 partem
949 2420 1023 2463 dat
1043 2419 1119 2462 tibi
1140 2421 1274 2462 Parca
1291 2419 1401 2461 mali.
1422 2428 1434 2435 '
1468 2438 1485 2442 ·-

871 2506 935 2536 12.
957 2493 1223 2551 Euphorion.

437 2568 620 2623 Lugeat,
640 2576 684 2609 at
702 2567 877 2620 modice,
898 2567 1144 2609 defunctum
1162 2575 1336 2608 moestus
1355 2563 1550 2615 amicum,

378 2642 438 2683 Et
457 2640 569 2693 fleat,
589 2649 633 2682 at
651 2640 822 2684 modice.
873 2643 985 2684 Nam
1004 2641 1123 2699 queis
1142 2639 1415 2685 sine‘fletibus
1431 2653 1520 2690 ora,
1542 2673 1546 2678 ,
1579 2631 1593 2647 ‘

382 2719 609 2761 Servantur
628 2716 744 2761 Diris
763 2715 992 2758 ultricibus.
1215 2713 1218 2716 ’
1318 2715 1321 2717 ’
1390 2732 1392 2735 v
1448 2715 1451 2717 ’
1492 2730 1500 2733 ’
