1780 3178
346 285 432 330 218
721 285 975 328 IOANNIS
1007 285 1254 329 STOBAEl

735 410 804 442 12.
824 399 1062 457 Euripides
1081 400 1289 443 Phoem'ce.
1374 415 1377 416 ⁷

402 473 441 515 O
461 471 580 530 copia
598 471 704 523 auri,
723 471 843 514 facile
862 487 970 514 onus
987 473 1263 529 gestantibus.

806 557 872 602 13.
889 546 1108 588 Philemon
1123 547 1218 588 Ala.

401 620 515 662 Tun'
536 618 694 662 almum
713 618 847 661 credis
866 634 953 661 esse
971 634 1102 662 cornu
1122 620 1269 678 copiae,

342 691 476 744 Quale
495 691 680 749 effigiant
698 691 877 749 pictores
894 707 1025 734 cornu
1039 692 1276 735 bubulum?

340 766 432 808 Imo
451 776 514 808 est
531 772 764 822 argentum.
816 764 943 816 Quod
963 773 1011 807 tu
1032 765 1066 807 si
1085 765 1255 817 habeas,
1276 764 1430 808 dixeris

341 839 399 882 Ei
419 838 524 897 quid
542 839 699 897 cupias,
720 838 859 882 omnia
877 839 1088 897 extemplo
1107 840 1293 892 affluent,

341 914 500 966 Testes,
520 912 655 965 amici,
675 912 788 965 socii,
807 913 1090 956 contubernia.

833 1000 897 1039 14.
919 986 1196 1044 Antiphanes.

401 1060 445 1101 N
447 1075 542 1116 ugae
561 1075 687 1102 merae
706 1066 819 1111 sunt,
839 1058 921 1101 alia
939 1058 973 1101 si
993 1075 1096 1102 auro
1115 1074 1342 1117 compares,

343 1133 410 1175 Ut
428 1132 497 1175 cui
516 1140 599 1175 stat
617 1131 885 1190 incorruptus
903 1140 1066 1175 naturae
1085 1132 1206 1190 vigor

342 1207 544 1264 Idemque
563 1206 728 1249 vultus:
760 1221 857 1248 cum
876 1221 1012 1248 mores
1031 1206 1237 1248 sodalium

344 1283 536 1324 Fortuna
554 1280 702 1338 pingat
719 1279 864 1322 formis
882 1279 1167 1322 discoloribus.

905 1353 967 1395 Ib.
989 1354 1120 1395 Idem.

401 1427 714 1485 Exploratrices
732 1426 996 1485 ingeniorum
1016 1436 1114 1469 sunt
1133 1442 1252 1485 opes:

346 1501 458 1543 Nam
478 1500 553 1558 qui
567 1499 762 1542 secundis
780 1500 907 1542 rebus
927 1499 1029 1542 vivit
1049 1500 1243 1558 turpiter,

346 1573 462 1626 Quid
480 1587 669 1631 pressum
689 1581 936 1630 paupertate
955 1573 1171 1615 facturum
1186 1575 1334 1631 putas?

856 1657 926 1702 15.
953 1647 1170 1689 Timocles.

401 1719 588 1762 Pecunia
605 1719 744 1761 anima
763 1728 805 1761 et
823 1719 993 1777 sanguis
1010 1728 1074 1762 est
1091 1719 1359 1762 mortalibus:

343 1795 482 1846 Quam
501 1793 575 1851 qui
592 1808 668 1835 nec
687 1793 828 1845 habet,
850 1809 926 1836 nec
945 1793 1127 1836 habendi
1147 1794 1349 1837 rationem
1366 1793 1539 1846 invenit,

342 1870 384 1912 Is
401 1869 509 1912 inter
527 1867 645 1911 vivos
663 1867 751 1910 vita
768 1883 908 1910 cassus
926 1867 1126 1910 ambulat.

388 1944 391 1945 ⁷
732 1941 796 1982 16.
817 1941 1053 1998 Euripides
1073 1941 1289 1983 Archelao.

401 2014 506 2068 Quis
524 2030 609 2057 non
627 2014 788 2072 boan
808 2029 850 2056 se
869 2021 1040 2071 praestet
1058 2013 1104 2056 in
1122 2029 1168 2056 re
1186 2015 1413 2071 prospera?

859 2098 925 2142 17.
947 2088 1166 2145 Diphilus.

399 2162 629 2206 Pecuniam
647 2161 834 2204 omnium
852 2160 1032 2203 arbitror
1050 2160 1365 2212 validissimum,

344 2237 450 2288 Quae
469 2234 635 2278 conficit
653 2248 719 2276 res
733 2241 775 2275 et
794 2232 1000 2290 diffringit
1019 2232 1236 2290 quaslibet.

732 2307 798 2348 18.
818 2306 1056 2363 Euripides
1074 2306 1306 2348 Archelao..

400 2381 574 2424 Reddas
592 2388 736 2423 caveto
755 2379 940 2421 divitem.
993 2380 1160 2420 Morem
1178 2379 1288 2435 gerit

343 2454 502 2498 Melius
520 2465 691 2512 egestas,
743 2452 924 2510 Spiritus
942 2451 1103 2494 faciunt
1122 2467 1245 2510 opes:

343 2530 457 2580 Quas
475 2528 549 2586 qui
568 2536 631 2570 est
649 2526 828 2584 adeptus
845 2525 1027 2568 nobilem
1048 2541 1091 2568 se
1110 2525 1328 2568 existimat.

759 2615 822 2658 19.
840 2602 1081 2643 Menander
1100 2602 1263 2644 Boeota.
1334 2589 1342 2592 ν

401 2675 514 2717 Mire
534 2673 689 2716 divitiae
709 2681 806 2715 sunt
824 2673 936 2716 vitiis
955 2673 1158 2716 obtentui.

700 2761 765 2794 20.
787 2748 1025 2806 Euripides
1045 2749 1323 2790 Andromeda.

400 2823 516 2864 Ante
535 2821 674 2863 omnia
692 2836 843 2864 aurum
862 2820 1020 2864 laribus
1039 2829 1233 2878 exoptem
1254 2819 1369 2862 meis.
