<?xml version="1.0" encoding="UTF-8"?>
<!DOCTYPE html PUBLIC "-//W3C//DTD XHTML 1.0 Transitional//EN"
    "http://www.w3.org/TR/xhtml1/DTD/xhtml1-transitional.dtd">
<html xmlns="http://www.w3.org/1999/xhtml" xml:lang="en" lang="en">
 <head>
  <title>
</title>
<meta http-equiv="Content-Type" content="text/html;charset=utf-8" />
  <meta name='ocr-system' content='tesseract 3.04.00' />
  <meta name='ocr-capabilities' content='ocr_page ocr_carea ocr_par ocr_line ocrx_word'/>
</head>
<body>
  <div class='ocr_page' id='page_1' title='image "./iannoustovaiouan04stovuoft_0256.png"; bbox 0 0 1780 3178; ppageno 0'>
   <div class='ocr_carea' id='block_1_1' title="bbox 309 265 1242 337">
    <p class='ocr_par' dir='ltr' id='par_1_1' title="bbox 309 265 1242 337">
     <span class='ocr_line' id='line_1_1' title="bbox 309 265 1242 337; baseline -0.002 -27"><span class='ocrx_word' id='word_1_1' title='bbox 309 266 391 319; x_wconf 81' lang='lat'><strong>248</strong></span> <span class='ocrx_word' id='word_1_2' title='bbox 707 266 907 310; x_wconf 91' lang='lat' dir='ltr'>IOANN</span> <span class='ocrx_word' id='word_1_3' title='bbox 910 266 966 308; x_wconf 93' lang='lat' dir='ltr'><strong>IS</strong></span> <span class='ocrx_word' id='word_1_4' title='bbox 999 265 1242 337; x_wconf 71' lang='lat' dir='ltr'>STOBAEI</span> 
     </span>
    </p>
   </div>
   <div class='ocr_carea' id='block_1_2' title="bbox 307 379 1357 511">
    <p class='ocr_par' dir='ltr' id='par_1_2' title="bbox 307 379 1357 511">
     <span class='ocr_line' id='line_1_2' title="bbox 308 379 1357 439; baseline 0.002 -19"><span class='ocrx_word' id='word_1_5' title='bbox 308 379 494 422; x_wconf 89' lang='lat' dir='ltr'><strong>Pictores</strong></span> <span class='ocrx_word' id='word_1_6' title='bbox 513 379 635 422; x_wconf 85' lang='lat' dir='ltr'><strong>valde</strong></span> <span class='ocrx_word' id='word_1_7' title='bbox 654 388 753 425; x_wconf 84' lang='lat' dir='ltr'><strong>sunt</strong></span> <span class='ocrx_word' id='word_1_8' title='bbox 770 379 891 439; x_wconf 85' lang='lat' dir='ltr'><strong>mali:</strong></span> <span class='ocrx_word' id='word_1_9' title='bbox 923 395 1105 438; x_wconf 83' lang='lat' dir='ltr'><strong>namque</strong></span> <span class='ocrx_word' id='word_1_10' title='bbox 1123 379 1204 423; x_wconf 88' lang='lat' dir='ltr'><strong>hoc</strong></span> <span class='ocrx_word' id='word_1_11' title='bbox 1223 388 1357 437; x_wconf 83' lang='lat' dir='ltr'><strong>agunt</strong></span> 
     </span>
     <span class='ocr_line' id='line_1_3' title="bbox 307 453 1266 511; baseline 0.001 -16"><span class='ocrx_word' id='word_1_12' title='bbox 307 454 512 506; x_wconf 86' lang='lat' dir='ltr'><strong>Primum,</strong></span> <span class='ocrx_word' id='word_1_13' title='bbox 535 462 584 496; x_wconf 90' lang='lat' dir='ltr'><strong>ut</strong></span> <span class='ocrx_word' id='word_1_14' title='bbox 602 453 787 497; x_wconf 84' lang='lat' dir='ltr'><strong>colorem</strong></span> <span class='ocrx_word' id='word_1_15' title='bbox 803 454 991 496; x_wconf 89' lang='lat' dir='ltr'><strong>delinant</strong></span> <span class='ocrx_word' id='word_1_16' title='bbox 1009 454 1062 497; x_wconf 88' lang='lat' dir='ltr'><strong>de</strong></span> <span class='ocrx_word' id='word_1_17' title='bbox 1080 469 1266 511; x_wconf 86' lang='lat' dir='ltr'><strong>corpore.</strong></span> 
     </span>
    </p>
   </div>
   <div class='ocr_carea' id='block_1_3' title="bbox 779 611 1178 661">
    <p class='ocr_par' dir='ltr' id='par_1_3' title="bbox 779 611 1178 661">
     <span class='ocr_line' id='line_1_4' title="bbox 779 611 1178 661; baseline -0.003 -1"><span class='ocrx_word' id='word_1_18' title='bbox 779 611 1084 661; x_wconf 89' lang='lat' dir='ltr'>TITULUS</span> <span class='ocrx_word' id='word_1_19' title='bbox 1121 612 1178 660; x_wconf 84' lang='lat' dir='ltr'><strong>G.</strong></span> 
     </span>
    </p>
   </div>
   <div class='ocr_carea' id='block_1_4' title="bbox 406 732 1540 842">
    <p class='ocr_par' dir='ltr' id='par_1_4' title="bbox 406 732 1540 842">
     <span class='ocr_line' id='line_1_5' title="bbox 406 732 1540 777; baseline 0.001 -8"><span class='ocrx_word' id='word_1_20' title='bbox 406 732 481 769; x_wconf 89' lang='lat' dir='ltr'><strong>DE</strong></span> <span class='ocrx_word' id='word_1_21' title='bbox 510 732 733 777; x_wconf 90' lang='lat' dir='ltr'><strong>MORBIS,</strong></span> <span class='ocrx_word' id='word_1_22' title='bbox 763 733 836 770; x_wconf 87' lang='lat' dir='ltr'><strong>ET</strong></span> <span class='ocrx_word' id='word_1_23' title='bbox 861 733 1267 772; x_wconf 88' lang='lat' dir='ltr'>MOLESTIARUM</span> <span class='ocrx_word' id='word_1_24' title='bbox 1295 734 1427 774; x_wconf 88' lang='lat' dir='ltr'><strong>QUAE</strong></span> <span class='ocrx_word' id='word_1_25' title='bbox 1456 733 1540 770; x_wconf 91' lang='lat' dir='ltr'><strong>EIS</strong></span> 
     </span>
     <span class='ocr_line' id='line_1_6' title="bbox 667 803 1280 842; baseline 0.003 -2"><span class='ocrx_word' id='word_1_26' title='bbox 667 803 887 841; x_wconf 91' lang='lat' dir='ltr'>ADSUNT</span> <span class='ocrx_word' id='word_1_27' title='bbox 914 803 1280 842; x_wconf 90' lang='lat' dir='ltr'><strong>DEPULSIONE.</strong></span> 
     </span>
    </p>
   </div>
   <div class='ocr_carea' id='block_1_5' title="bbox 301 893 1639 2852">
    <p class='ocr_par' dir='ltr' id='par_1_5' title="bbox 301 893 1639 2852">
     <span class='ocr_line' id='line_1_7' title="bbox 743 893 1224 950; baseline 0.006 -17"><span class='ocrx_word' id='word_1_28' title='bbox 743 905 778 933; x_wconf 89' lang='lat'><strong>1.</strong></span> <span class='ocrx_word' id='word_1_29' title='bbox 801 893 1042 950; x_wconf 73' lang='lat' dir='ltr'><em>Euripides</em></span> <span class='ocrx_word' id='word_1_30' title='bbox 1066 894 1224 936; x_wconf 78' lang='lat' dir='ltr'><em>Oreste.</em></span> 
     </span>
     <span class='ocr_line' id='line_1_8' title="bbox 363 963 1286 1021; baseline 0.003 -16"><span class='ocrx_word' id='word_1_31' title='bbox 363 965 403 1005; x_wconf 90' lang='lat' dir='ltr'>O</span> <span class='ocrx_word' id='word_1_32' title='bbox 423 979 578 1015; x_wconf 90' lang='lat' dir='ltr'><strong>somne,</strong></span> <span class='ocrx_word' id='word_1_33' title='bbox 599 963 764 1021; x_wconf 83' lang='lat' dir='ltr'><strong>requies</strong></span> <span class='ocrx_word' id='word_1_34' title='bbox 782 964 952 1016; x_wconf 85' lang='lat' dir='ltr'><strong>blanda,</strong></span> <span class='ocrx_word' id='word_1_35' title='bbox 972 964 1154 1007; x_wconf 86' lang='lat' dir='ltr'><strong>lenimen</strong></span> <span class='ocrx_word' id='word_1_36' title='bbox 1172 966 1286 1017; x_wconf 87' lang='lat' dir='ltr'><strong>mali,</strong></span> 
     </span>
     <span class='ocr_line' id='line_1_9' title="bbox 306 1037 1301 1096; baseline 0 -16"><span class='ocrx_word' id='word_1_37' title='bbox 306 1038 443 1088; x_wconf 84' lang='lat' dir='ltr'><strong>Quam</strong></span> <span class='ocrx_word' id='word_1_38' title='bbox 464 1053 531 1079; x_wconf 91' lang='lat' dir='ltr'><strong>me</strong></span> <span class='ocrx_word' id='word_1_39' title='bbox 551 1037 760 1095; x_wconf 88' lang='lat' dir='ltr'><strong>benignus</strong></span> <span class='ocrx_word' id='word_1_40' title='bbox 781 1037 1006 1082; x_wconf 83' lang='lat' dir='ltr'>sublevasti</span> <span class='ocrx_word' id='word_1_41' title='bbox 1025 1038 1070 1080; x_wconf 91' lang='lat' dir='ltr'><strong>in</strong></span> <span class='ocrx_word' id='word_1_42' title='bbox 1089 1041 1301 1096; x_wconf 85' lang='lat' dir='ltr'><strong>tempore?</strong></span> 
     </span>
     <span class='ocr_line' id='line_1_10' title="bbox 883 1112 1067 1154; baseline 0 0"><span class='ocrx_word' id='word_1_43' title='bbox 883 1124 922 1154; x_wconf 83' lang='lat'><strong>2.</strong></span> <span class='ocrx_word' id='word_1_44' title='bbox 938 1112 1067 1154; x_wconf 85' lang='lat' dir='ltr'><em>Idem.</em></span> 
     </span>
     <span class='ocr_line' id='line_1_11' title="bbox 360 1183 1191 1241; baseline 0.002 -16"><span class='ocrx_word' id='word_1_45' title='bbox 360 1185 392 1225; x_wconf 87' lang='lat' dir='ltr'><strong>J</strong></span> <span class='ocrx_word' id='word_1_46' title='bbox 394 1199 510 1225; x_wconf 88' lang='lat' dir='ltr'><strong>acere</strong></span> <span class='ocrx_word' id='word_1_47' title='bbox 530 1183 636 1226; x_wconf 88' lang='lat' dir='ltr'><strong>lecto</strong></span> <span class='ocrx_word' id='word_1_48' title='bbox 655 1199 808 1241; x_wconf 85' lang='lat' dir='ltr'><strong>corpus</strong></span> <span class='ocrx_word' id='word_1_49' title='bbox 827 1192 1034 1241; x_wconf 65' lang='lat' dir='ltr'><strong>aegrotans</strong></span> <span class='ocrx_word' id='word_1_50' title='bbox 1052 1193 1191 1227; x_wconf 84' lang='lat' dir='ltr'><strong>amat:</strong></span> 
     </span>
     <span class='ocr_line' id='line_1_12' title="bbox 304 1257 1287 1315; baseline 0.002 -17"><span class='ocrx_word' id='word_1_51' title='bbox 304 1257 365 1298; x_wconf 87' lang='lat' dir='ltr'><strong>Et</strong></span> <span class='ocrx_word' id='word_1_52' title='bbox 382 1257 461 1302; x_wconf 73' lang='lat' dir='ltr'>hoc,</span> <span class='ocrx_word' id='word_1_53' title='bbox 481 1257 704 1302; x_wconf 86' lang='lat' dir='ltr'><strong>molestum</strong></span> <span class='ocrx_word' id='word_1_54' title='bbox 725 1266 802 1310; x_wconf 88' lang='lat' dir='ltr'><strong>est,</strong></span> <span class='ocrx_word' id='word_1_55' title='bbox 823 1258 896 1300; x_wconf 89' lang='lat' dir='ltr'><strong>sed</strong></span> <span class='ocrx_word' id='word_1_56' title='bbox 910 1258 1036 1315; x_wconf 87' lang='lat' dir='ltr'><strong>jubet</strong></span> <span class='ocrx_word' id='word_1_57' title='bbox 1054 1259 1287 1302; x_wconf 77' lang='lat' dir='ltr'><strong>necessitas.</strong></span> 
     </span>
     <span class='ocr_line' id='line_1_13' title="bbox 861 1330 1080 1374; baseline -0.009 0"><span class='ocrx_word' id='word_1_58' title='bbox 861 1330 925 1374; x_wconf 90' lang='lat' dir='ltr'><strong>lb.</strong></span> <span class='ocrx_word' id='word_1_59' title='bbox 946 1331 1080 1373; x_wconf 83' lang='lat' dir='ltr'><em>Idem.</em></span> 
     </span>
     <span class='ocr_line' id='line_1_14' title="bbox 359 1402 1337 1462; baseline 0.005 -20"><span class='ocrx_word' id='word_1_60' title='bbox 359 1402 392 1442; x_wconf 88' lang='lat' dir='ltr'><strong>J</strong></span> <span class='ocrx_word' id='word_1_61' title='bbox 393 1416 460 1443; x_wconf 84' lang='lat' dir='ltr'><strong>am</strong></span> <span class='ocrx_word' id='word_1_62' title='bbox 474 1402 564 1459; x_wconf 85' lang='lat' dir='ltr'><strong>jam</strong></span> <span class='ocrx_word' id='word_1_63' title='bbox 584 1404 751 1446; x_wconf 87' lang='lat' dir='ltr'><strong>revolve</strong></span> <span class='ocrx_word' id='word_1_64' title='bbox 770 1420 937 1462; x_wconf 85' lang='lat' dir='ltr'><strong>corpus,</strong></span> <span class='ocrx_word' id='word_1_65' title='bbox 958 1413 1001 1447; x_wconf 90' lang='lat' dir='ltr'><strong>et</strong></span> <span class='ocrx_word' id='word_1_66' title='bbox 1021 1420 1188 1447; x_wconf 87' lang='lat' dir='ltr'><strong>sursum</strong></span> <span class='ocrx_word' id='word_1_67' title='bbox 1208 1406 1337 1462; x_wconf 88' lang='lat' dir='ltr'><strong>erige.</strong></span> 
     </span>
     <span class='ocr_line' id='line_1_15' title="bbox 866 1479 1082 1521; baseline -0.005 0"><span class='ocrx_word' id='word_1_68' title='bbox 866 1479 932 1521; x_wconf 89' lang='lat' dir='ltr'><strong>Ib.</strong></span> <span class='ocrx_word' id='word_1_69' title='bbox 950 1479 1082 1521; x_wconf 83' lang='lat' dir='ltr'><em>Idem.</em></span> 
     </span>
     <span class='ocr_line' id='line_1_16' title="bbox 363 1549 1211 1594; baseline 0.006 -5"><span class='ocrx_word' id='word_1_70' title='bbox 363 1549 536 1590; x_wconf 87' lang='lat' dir='ltr'>Morosa</span> <span class='ocrx_word' id='word_1_71' title='bbox 554 1564 620 1591; x_wconf 88' lang='lat' dir='ltr'><strong>res</strong></span> <span class='ocrx_word' id='word_1_72' title='bbox 640 1558 702 1592; x_wconf 89' lang='lat' dir='ltr'><strong>est</strong></span> <span class='ocrx_word' id='word_1_73' title='bbox 715 1549 892 1593; x_wconf 78' lang='lat' dir='ltr'><strong>additus</strong></span> <span class='ocrx_word' id='word_1_74' title='bbox 911 1552 1059 1594; x_wconf 88' lang='lat' dir='ltr'><strong>morbo</strong></span> <span class='ocrx_word' id='word_1_75' title='bbox 1078 1551 1211 1594; x_wconf 89' lang='lat' dir='ltr'><strong>dolor.</strong></span> 
     </span>
     <span class='ocr_line' id='line_1_17' title="bbox 562 1623 1082 1666; baseline 0.006 -4"><span class='ocrx_word' id='word_1_76' title='bbox 562 1623 567 1626; x_wconf 79' lang='grc'><strong>’</strong></span> <span class='ocrx_word' id='word_1_77' title='bbox 864 1623 930 1666; x_wconf 92' lang='lat' dir='ltr'><strong>Ib.</strong></span> <span class='ocrx_word' id='word_1_78' title='bbox 951 1625 1082 1665; x_wconf 83' lang='lat' dir='ltr'><em>Idem.</em></span> 
     </span>
     <span class='ocr_line' id='line_1_18' title="bbox 359 1693 1275 1753; baseline 0.004 -19"><span class='ocrx_word' id='word_1_79' title='bbox 359 1694 430 1735; x_wconf 83' lang='lat' dir='ltr'><strong>El.</strong></span> <span class='ocrx_word' id='word_1_80' title='bbox 454 1693 629 1736; x_wconf 85' lang='lat' dir='ltr'><strong>Tellure</strong></span> <span class='ocrx_word' id='word_1_81' title='bbox 648 1693 779 1736; x_wconf 79' lang='lat' dir='ltr'><strong>fultos</strong></span> <span class='ocrx_word' id='word_1_82' title='bbox 798 1695 1008 1752; x_wconf 74' lang='lat' dir='ltr'><strong>anplaeet</strong></span> <span class='ocrx_word' id='word_1_83' title='bbox 1027 1695 1102 1753; x_wconf 84' lang='lat' dir='ltr'><strong>figi</strong></span> <span class='ocrx_word' id='word_1_84' title='bbox 1121 1695 1275 1753; x_wconf 84' lang='lat' dir='ltr'><strong>pedes?</strong></span> 
     </span>
     <span class='ocr_line' id='line_1_19' title="bbox 305 1766 1262 1826; baseline 0.003 -18"><span class='ocrx_word' id='word_1_85' title='bbox 305 1768 377 1808; x_wconf 87' lang='lat' dir='ltr'><strong>Or.</strong></span> <span class='ocrx_word' id='word_1_86' title='bbox 400 1766 528 1809; x_wconf 93' lang='lat' dir='ltr'>Volo:</span> <span class='ocrx_word' id='word_1_87' title='bbox 562 1767 746 1809; x_wconf 83' lang='lat' dir='ltr'><strong>sanitatis</strong></span> <span class='ocrx_word' id='word_1_88' title='bbox 764 1767 845 1811; x_wconf 89' lang='lat' dir='ltr'><strong>hoc</strong></span> <span class='ocrx_word' id='word_1_89' title='bbox 864 1768 993 1811; x_wconf 82' lang='lat' dir='ltr'><strong>refert</strong></span> <span class='ocrx_word' id='word_1_90' title='bbox 1011 1768 1262 1826; x_wconf 85' lang='lat' dir='ltr'><strong>imaginem:</strong></span> 
     </span>
     <span class='ocr_line' id='line_1_20' title="bbox 303 1834 1192 1899; baseline 0.002 -18"><span class='ocrx_word' id='word_1_91' title='bbox 303 1840 415 1881; x_wconf 89' lang='lat' dir='ltr'><strong>Cum</strong></span> <span class='ocrx_word' id='word_1_92' title='bbox 434 1855 480 1881; x_wconf 91' lang='lat' dir='ltr'><strong>re</strong></span> <span class='ocrx_word' id='word_1_93' title='bbox 499 1834 624 1897; x_wconf 77' lang='lat' dir='ltr'><strong>potiri</strong></span> <span class='ocrx_word' id='word_1_94' title='bbox 644 1855 728 1882; x_wconf 90' lang='lat' dir='ltr'><strong>non</strong></span> <span class='ocrx_word' id='word_1_95' title='bbox 748 1839 858 1893; x_wconf 83' lang='lat' dir='ltr'><strong>licet,</strong></span> <span class='ocrx_word' id='word_1_96' title='bbox 880 1841 1035 1898; x_wconf 86' lang='lat' dir='ltr'><strong>species</strong></span> <span class='ocrx_word' id='word_1_97' title='bbox 1047 1842 1192 1899; x_wconf 66' lang='lat' dir='ltr'><strong>juvat-</strong></span> 
     </span>
     <span class='ocr_line' id='line_1_21' title="bbox 708 1913 1239 1972; baseline 0.002 -18"><span class='ocrx_word' id='word_1_98' title='bbox 708 1926 749 1969; x_wconf 84' lang='lat'><strong>3.</strong></span> <span class='ocrx_word' id='word_1_99' title='bbox 774 1913 889 1956; x_wconf 84' lang='lat' dir='ltr'><em>Idem</em></span> <span class='ocrx_word' id='word_1_100' title='bbox 909 1914 1239 1972; x_wconf 75' lang='lat' dir='ltr'><em>Bellerophonte.</em></span> 
     </span>
     <span class='ocr_line' id='line_1_22' title="bbox 360 1981 1279 2041; baseline 0.005 -19"><span class='ocrx_word' id='word_1_101' title='bbox 360 1981 468 2023; x_wconf 84' lang='lat' dir='ltr'><strong>Mali</strong></span> <span class='ocrx_word' id='word_1_102' title='bbox 487 1996 653 2024; x_wconf 85' lang='lat' dir='ltr'><strong>necesse</strong></span> <span class='ocrx_word' id='word_1_103' title='bbox 672 1992 734 2025; x_wconf 91' lang='lat' dir='ltr'><strong>est</strong></span> <span class='ocrx_word' id='word_1_104' title='bbox 754 1991 896 2033; x_wconf 84' lang='lat' dir='ltr'><strong>noscat</strong></span> <span class='ocrx_word' id='word_1_105' title='bbox 914 1983 1145 2041; x_wconf 89' lang='lat' dir='ltr'><strong>ingenium,</strong></span> <span class='ocrx_word' id='word_1_106' title='bbox 1166 1985 1279 2027; x_wconf 83' lang='lat' dir='ltr'><strong>malo</strong></span> 
     </span>
     <span class='ocr_line' id='line_1_23' title="bbox 302 2054 1233 2105; baseline 0.005 -10"><span class='ocrx_word' id='word_1_107' title='bbox 302 2054 386 2105; x_wconf 83' lang='lat' dir='ltr'><strong>Qui</strong></span> <span class='ocrx_word' id='word_1_108' title='bbox 406 2054 499 2096; x_wconf 92' lang='lat' dir='ltr'><strong>vult</strong></span> <span class='ocrx_word' id='word_1_109' title='bbox 517 2054 696 2097; x_wconf 88' lang='lat' dir='ltr'><strong>mederi:</strong></span> <span class='ocrx_word' id='word_1_110' title='bbox 728 2070 844 2105; x_wconf 85' lang='lat' dir='ltr'><strong>more</strong></span> <span class='ocrx_word' id='word_1_111' title='bbox 863 2071 940 2098; x_wconf 87' lang='lat' dir='ltr'><strong>nec</strong></span> <span class='ocrx_word' id='word_1_112' title='bbox 958 2057 1233 2100; x_wconf 85' lang='lat' dir='ltr'><strong>medicamina</strong></span> 
     </span>
     <span class='ocr_line' id='line_1_24' title="bbox 301 2115 1334 2189; baseline 0.005 -20"><span class='ocrx_word' id='word_1_113' title='bbox 301 2127 577 2178; x_wconf 87' lang='lat' dir='ltr'><strong>Adhibenda,</strong></span> <span class='ocrx_word' id='word_1_114' title='bbox 599 2128 671 2169; x_wconf 89' lang='lat' dir='ltr'><strong>sed</strong></span> <span class='ocrx_word' id='word_1_115' title='bbox 692 2144 789 2185; x_wconf 89' lang='lat' dir='ltr'><strong>quae</strong></span> <span class='ocrx_word' id='word_1_116' title='bbox 810 2138 977 2187; x_wconf 84' lang='lat' dir='ltr'><strong>tempus</strong></span> <span class='ocrx_word' id='word_1_117' title='bbox 995 2140 1036 2172; x_wconf 89' lang='lat' dir='ltr'><strong>et</strong></span> <span class='ocrx_word' id='word_1_118' title='bbox 1053 2115 1123 2178; x_wconf 66' lang='lat' dir='ltr'><strong>res</strong></span> <span class='ocrx_word' id='word_1_119' title='bbox 1142 2131 1334 2189; x_wconf 85' lang='lat' dir='ltr'><strong>exigunt.</strong></span> 
     </span>
     <span class='ocr_line' id='line_1_25' title="bbox 874 2203 1064 2256; baseline 0.005 -13"><span class='ocrx_word' id='word_1_120' title='bbox 874 2215 916 2256; x_wconf 87' lang='lat'><strong>4.</strong></span> <span class='ocrx_word' id='word_1_121' title='bbox 933 2203 1064 2246; x_wconf 83' lang='lat' dir='ltr'><em>Idem.</em></span> 
     </span>
     <span class='ocr_line' id='line_1_26' title="bbox 361 2272 1516 2334; baseline 0.007 -20"><span class='ocrx_word' id='word_1_122' title='bbox 361 2274 471 2315; x_wconf 86' lang='lat' dir='ltr'><strong>Sunt</strong></span> <span class='ocrx_word' id='word_1_123' title='bbox 490 2272 671 2330; x_wconf 87' lang='lat' dir='ltr'><strong>plurima</strong></span> <span class='ocrx_word' id='word_1_124' title='bbox 690 2274 879 2317; x_wconf 87' lang='lat' dir='ltr'><strong>homines</strong></span> <span class='ocrx_word' id='word_1_125' title='bbox 899 2285 1048 2334; x_wconf 70' lang='lat' dir='ltr'><strong>sponte</strong></span> <span class='ocrx_word' id='word_1_126' title='bbox 1066 2292 1164 2334; x_wconf 88' lang='lat' dir='ltr'><strong>quae</strong></span> <span class='ocrx_word' id='word_1_127' title='bbox 1183 2286 1399 2321; x_wconf 86' lang='lat' dir='ltr'><strong>accersunt</strong></span> <span class='ocrx_word' id='word_1_128' title='bbox 1418 2295 1516 2322; x_wconf 84' lang='lat' dir='ltr'><strong>sua:</strong></span> 
     </span>
     <span class='ocr_line' id='line_1_27' title="bbox 302 2346 1157 2403; baseline 0.006 -15"><span class='ocrx_word' id='word_1_129' title='bbox 302 2347 411 2389; x_wconf 86' lang='lat' dir='ltr'><strong>Sunt</strong></span> <span class='ocrx_word' id='word_1_130' title='bbox 430 2346 511 2389; x_wconf 84' lang='lat' dir='ltr'><strong>alia</strong></span> <span class='ocrx_word' id='word_1_131' title='bbox 530 2363 675 2390; x_wconf 91' lang='lat' dir='ltr'><strong>rursus</strong></span> <span class='ocrx_word' id='word_1_132' title='bbox 694 2348 819 2391; x_wconf 85' lang='lat' dir='ltr'><strong>missa</strong></span> <span class='ocrx_word' id='word_1_133' title='bbox 836 2349 890 2391; x_wconf 87' lang='lat' dir='ltr'><strong>de</strong></span> <span class='ocrx_word' id='word_1_134' title='bbox 909 2350 1012 2392; x_wconf 85' lang='lat' dir='ltr'>caelo</span> <span class='ocrx_word' id='word_1_135' title='bbox 1031 2350 1157 2403; x_wconf 83' lang='lat' dir='ltr'><strong>mala,</strong></span> 
     </span>
     <span class='ocr_line' id='line_1_28' title="bbox 301 2421 1408 2478; baseline 0.007 -17"><span class='ocrx_word' id='word_1_136' title='bbox 301 2421 431 2470; x_wconf 68' lang='lat' dir='ltr'><strong>Queis</strong></span> <span class='ocrx_word' id='word_1_137' title='bbox 449 2436 516 2462; x_wconf 87' lang='lat' dir='ltr'><strong>ars</strong></span> <span class='ocrx_word' id='word_1_138' title='bbox 535 2421 738 2469; x_wconf 89' lang='lat' dir='ltr'><strong>medetur.</strong></span> <span class='ocrx_word' id='word_1_139' title='bbox 789 2425 1002 2466; x_wconf 74' lang='lat' dir='ltr'><strong>Caeterum</strong></span> <span class='ocrx_word' id='word_1_140' title='bbox 1022 2425 1102 2467; x_wconf 93' lang='lat' dir='ltr'><strong>hoc</strong></span> <span class='ocrx_word' id='word_1_141' title='bbox 1120 2425 1281 2468; x_wconf 88' lang='lat' dir='ltr'><strong>dictum</strong></span> <span class='ocrx_word' id='word_1_142' title='bbox 1299 2427 1408 2478; x_wconf 88' lang='lat' dir='ltr'><strong>volo,</strong></span> 
     </span>
     <span class='ocr_line' id='line_1_29' title="bbox 304 2492 1237 2554; baseline 0.008 -20"><span class='ocrx_word' id='word_1_143' title='bbox 304 2492 489 2536; x_wconf 87' lang='lat' dir='ltr'><strong>Faciunt</strong></span> <span class='ocrx_word' id='word_1_144' title='bbox 500 2493 583 2536; x_wconf 87' lang='lat' dir='ltr'><strong>Dei</strong></span> <span class='ocrx_word' id='word_1_145' title='bbox 599 2494 632 2536; x_wconf 87' lang='lat' dir='ltr'><strong>si</strong></span> <span class='ocrx_word' id='word_1_146' title='bbox 653 2511 784 2552; x_wconf 82' lang='lat' dir='ltr'><strong>prava</strong></span> <span class='ocrx_word' id='word_1_147' title='bbox 797 2496 903 2554; x_wconf 87' lang='lat' dir='ltr'><strong>jam,</strong></span> <span class='ocrx_word' id='word_1_148' title='bbox 919 2513 1004 2540; x_wconf 90' lang='lat' dir='ltr'><strong>non</strong></span> <span class='ocrx_word' id='word_1_149' title='bbox 1022 2507 1121 2541; x_wconf 87' lang='lat' dir='ltr'><strong>sunt</strong></span> <span class='ocrx_word' id='word_1_150' title='bbox 1140 2499 1237 2543; x_wconf 87' lang='lat' dir='ltr'><strong>Dei.</strong></span> 
     </span>
     <span class='ocr_line' id='line_1_30' title="bbox 714 2571 1224 2631; baseline 0.004 -19"><span class='ocrx_word' id='word_1_151' title='bbox 714 2583 756 2625; x_wconf 84' lang='lat'><strong>5.</strong></span> <span class='ocrx_word' id='word_1_152' title='bbox 777 2571 997 2615; x_wconf 74' lang='lat' dir='ltr'><strong>Philemon</strong></span> <span class='ocrx_word' id='word_1_153' title='bbox 1017 2574 1224 2631; x_wconf 66' lang='lat' dir='ltr'><strong>Mystica.</strong></span> 
     </span>
     <span class='ocr_line' id='line_1_31' title="bbox 358 2640 1639 2703; baseline 0.007 -21"><span class='ocrx_word' id='word_1_154' title='bbox 358 2640 474 2684; x_wconf 83' lang='lat' dir='ltr'><strong>Male</strong></span> <span class='ocrx_word' id='word_1_155' title='bbox 494 2642 647 2684; x_wconf 86' lang='lat' dir='ltr'><strong>habere</strong></span> <span class='ocrx_word' id='word_1_156' title='bbox 667 2658 750 2685; x_wconf 90' lang='lat' dir='ltr'><strong>non</strong></span> <span class='ocrx_word' id='word_1_157' title='bbox 771 2653 856 2685; x_wconf 86' lang='lat' dir='ltr'><strong>tam</strong></span> <span class='ocrx_word' id='word_1_158' title='bbox 877 2645 986 2687; x_wconf 88' lang='lat' dir='ltr'><strong>male</strong></span> <span class='ocrx_word' id='word_1_159' title='bbox 1004 2646 1132 2691; x_wconf 86' lang='lat' dir='ltr'><strong>habet</strong></span> <span class='ocrx_word' id='word_1_160' title='bbox 1151 2646 1264 2688; x_wconf 89' lang='lat' dir='ltr'><strong>hunc</strong></span> <span class='ocrx_word' id='word_1_161' title='bbox 1283 2647 1359 2703; x_wconf 88' lang='lat' dir='ltr'><strong>qui</strong></span> <span class='ocrx_word' id='word_1_162' title='bbox 1374 2647 1502 2691; x_wconf 84' lang='lat' dir='ltr'><strong>habet</strong></span> <span class='ocrx_word' id='word_1_163' title='bbox 1517 2648 1639 2700; x_wconf 80' lang='lat' dir='ltr'><strong>male,</strong></span> 
     </span>
     <span class='ocr_line' id='line_1_32' title="bbox 301 2715 1354 2776; baseline 0.009 -22"><span class='ocrx_word' id='word_1_164' title='bbox 301 2716 437 2764; x_wconf 82' lang='lat' dir='ltr'><strong>Quam</strong></span> <span class='ocrx_word' id='word_1_165' title='bbox 459 2715 576 2771; x_wconf 91' lang='lat' dir='ltr'><strong>quod</strong></span> <span class='ocrx_word' id='word_1_166' title='bbox 595 2716 732 2762; x_wconf 81' lang='lat' dir='ltr'><strong>visum</strong></span> <span class='ocrx_word' id='word_1_167' title='bbox 751 2717 808 2760; x_wconf 85' lang='lat' dir='ltr'><strong>ad</strong></span> <span class='ocrx_word' id='word_1_168' title='bbox 827 2733 870 2760; x_wconf 86' lang='lat' dir='ltr'><strong>se</strong></span> <span class='ocrx_word' id='word_1_169' title='bbox 890 2716 1065 2776; x_wconf 87' lang='lat' dir='ltr'><strong>singulis</strong></span> <span class='ocrx_word' id='word_1_170' title='bbox 1083 2719 1354 2763; x_wconf 83' lang='lat' dir='ltr'><strong>ventantibus</strong></span> 
     </span>
     <span class='ocr_line' id='line_1_33' title="bbox 301 2787 1463 2852; baseline 0.008 -24"><span class='ocrx_word' id='word_1_171' title='bbox 301 2787 418 2830; x_wconf 87' lang='lat' dir='ltr'><strong>Male</strong></span> <span class='ocrx_word' id='word_1_172' title='bbox 438 2788 594 2831; x_wconf 84' lang='lat' dir='ltr'><strong>habens</strong></span> <span class='ocrx_word' id='word_1_173' title='bbox 613 2793 687 2846; x_wconf 76' lang='lat' dir='ltr'><strong>qui</strong></span> <span class='ocrx_word' id='word_1_174' title='bbox 710 2808 752 2834; x_wconf 85' lang='lat' dir='ltr'><strong>se</strong></span> <span class='ocrx_word' id='word_1_175' title='bbox 772 2792 925 2835; x_wconf 81' lang='lat' dir='ltr'><strong>habeat</strong></span> <span class='ocrx_word' id='word_1_176' title='bbox 943 2808 1268 2837; x_wconf 83' lang='lat' dir='ltr'><strong>commemorare</strong></span> <span class='ocrx_word' id='word_1_177' title='bbox 1286 2795 1463 2852; x_wconf 85' lang='lat' dir='ltr'><strong>cogitur.</strong></span> 
     </span>
    </p>
   </div>
  </div>
 </body>
</html>
