1838 3276
470 305 936 352 FLORILEGIUM.
967 309 1068 370 T1jr.
1099 324 1140 365 4.

585 482 891 551 TITULUs
926 503 1017 553 lv,

546 617 620 655 DE
648 599 1049 660 IMPRUDENTIA.

668 720 934 779 Phocylides.

185 789 218 831 J
219 789 353 832 udicis
371 791 592 835 arbitrium
611 792 768 851 ignaris
786 795 1030 852 permittere
1050 797 1153 840 noli:

128 863 375 906 Doctrinam
396 864 546 908 doctus
564 866 688 924 regit,
708 877 842 910 artem
862 869 1051 914 conscius
1070 871 1183 913 artis.

81 982 83 984 μ
127 937 229 979 Non
246 937 359 995 capit
376 938 571 981 indoctus
591 939 786 982 sublimia
804 941 1105 986 doctrinarum.

127 1010 212 1062 Qui
232 1010 416 1054 didicere
435 1012 534 1055 boni
553 1012 628 1064 nfl,
650 1028 770 1056 mens
788 1015 1011 1062 obbrutuit
1030 1017 1122 1059 illis.
1173 1032 1176 1034 ’

726 1088 856 1130 Idem.

183 1157 337 1200 Nonne
355 1157 487 1211 vides,
510 1168 559 1202 ut
579 1168 727 1217 sponte
746 1177 824 1203 sua
842 1161 921 1204 sibi
941 1163 1120 1221 quisque
1139 1165 1305 1209 ruinam

125 1232 374 1275 Aoeersant:
406 1233 531 1276 miser
549 1234 650 1286 heu,
670 1234 780 1277 bona
800 1236 876 1293 qui
895 1236 1032 1280 vicina
1050 1253 1126 1285 nec
1145 1240 1280 1292 audit,

125 1304 216 1346 Nec
235 1303 362 1347 videt.
412 1305 635 1363 Effugium
654 1307 779 1365 pauci
798 1323 951 1351 novere
971 1309 1190 1353 malorum.

554 1380 748 1437 Orpheus
764 1381 816 1423 de
837 1382 1033 1426 Gemmis.

182 1452 286 1493 Heu
304 1451 448 1509 generi
467 1451 653 1495 humano
671 1453 857 1496 discendi
877 1455 995 1498 nulla
1009 1457 1166 1514 cupido
1184 1467 1264 1501 est:

123 1525 214 1568 Nec
234 1525 333 1568 Satis
351 1525 450 1568 hoc:
482 1526 660 1568 vixdum
679 1526 788 1569 visas
806 1528 1111 1573 contemnimus
1130 1539 1250 1574 artes.

252 1600 259 1601 ’
725 1602 856 1644 Idem.

178 1674 248 1716 Ah
268 1674 421 1727 miseri,
441 1675 598 1733 quibus
614 1675 706 1734 ipsa
724 1677 849 1719 etiam
870 1677 1074 1735 sapientia
1093 1680 1245 1723 sordet.

723 1749 854 1791 Idem.

178 1817 339 1875 Ignari,
360 1820 573 1872 excordes,
594 1820 748 1864 divinae
769 1823 893 1865 sortis
909 1824 1044 1882 egeni,

118 1890 242 1933 More
260 1890 361 1934 ferae
379 1892 551 1936 vivunt:
583 1893 658 1936 sed
676 1909 753 1937 nec
771 1895 952 1939 caelestia
972 1907 1173 1955 quaerunt

116 1963 308 2017 Auxilia,
331 1973 381 2008 ut
399 1966 560 2024 possint
579 1967 778 2010 vitiorum
797 1984 995 2027 rumpere
1013 1985 1163 2023 nexus,

114 2038 434 2097 Egregiumque
453 2039 572 2093 nihil,
592 2041 697 2083 nihil
717 2042 964 2086 admirabile
983 2054 1160 2088 norunt:

114 2112 265 2169 Usque
279 2112 385 2155 adeo
403 2113 560 2156 circum
580 2115 697 2158 sedet
713 2124 805 2159 atra
822 2117 867 2159 in
885 2127 1055 2175 pectore
1074 2120 1223 2172 nubes,

114 2185 222 2236 Quae
240 2186 426 2243 proferre
443 2187 595 2245 pedem
614 2188 822 2232 virtutum
841 2189 886 2232 in
902 2190 1055 2234 florida
1073 2205 1195 2251 prata

115 2259 299 2312 Invidet,
320 2268 363 2303 et
381 2261 560 2318 pulchro
576 2262 723 2305 vinciri
742 2272 933 2322 tempora
951 2275 1073 2309 serto.

487 2337 687 2394 Scriptor
705 2339 830 2380 aurei
848 2340 1077 2382 Coerminis.

171 2405 339 2464 Turpia
355 2416 526 2466 patratu
543 2418 724 2467 patrare,
743 2411 928 2454 nefanda
946 2412 1105 2470 profari

114 2479 260 2536 Ignari
279 2490 358 2523 est:
389 2481 457 2524 fac
475 2490 524 2525 tu
542 2492 753 2541 nequeant
773 2500 871 2542 quae
889 2485 1001 2528 facta
1019 2485 1175 2537 dolere,

112 2553 174 2595 Et
191 2553 309 2611 quod
326 2569 412 2613 non
430 2555 554 2599 calles
569 2556 674 2600 nihil
692 2557 845 2616 incipe:
879 2558 992 2602 disce
1011 2560 1129 2618 quod
1149 2575 1250 2602 usus

112 2625 278 2684 Exigit:
310 2627 401 2671 haec
420 2629 550 2673 vitam
569 2630 647 2674 tibi
666 2640 765 2674 sunt
783 2632 975 2690 paritura
992 2633 1170 2676 beatam.

631 2717 667 2746 1.
689 2704 922 2763 Scphocles.

168 2772 285 2823 Quos
303 2772 502 2818 distinent
520 2775 710 2829 adversa,
730 2777 980 2821 surdescunt
998 2778 1133 2829 malis,

109 2845 171 2887 Et
191 2844 302 2888 clara
319 2862 416 2904 quae
435 2856 534 2891 sunt
553 2864 636 2892 non
656 2844 815 2902 vident,
837 2866 913 2893 nee
933 2866 1030 2892 cum
1052 2851 1208 2894 vident.

172 2934 268 2964 vot..
292 2935 353 2965 1v.
847 2940 870 2968 c

1420 329 1469 373 ¹7
