<?xml version="1.0" encoding="UTF-8"?>
<!DOCTYPE html PUBLIC "-//W3C//DTD XHTML 1.0 Transitional//EN"
    "http://www.w3.org/TR/xhtml1/DTD/xhtml1-transitional.dtd">
<html xmlns="http://www.w3.org/1999/xhtml" xml:lang="en" lang="en">
 <head>
  <title>
</title>
<meta http-equiv="Content-Type" content="text/html;charset=utf-8" />
  <meta name='ocr-system' content='tesseract 3.04.00' />
  <meta name='ocr-capabilities' content='ocr_page ocr_carea ocr_par ocr_line ocrx_word'/>
</head>
<body>
  <div class='ocr_page' id='page_1' title='image "./iannoustovaiouan04stovuoft_0153.png"; bbox 0 0 1780 3178; ppageno 0'>
   <div class='ocr_carea' id='block_1_1' title="bbox 460 266 1160 325">
    <p class='ocr_par' dir='ltr' id='par_1_1' title="bbox 460 266 1160 325">
     <span class='ocr_line' id='line_1_1' title="bbox 460 266 1160 325; baseline -0.001 -15"><span class='ocrx_word' id='word_1_1' title='bbox 460 266 935 311; x_wconf 83' lang='lat' dir='ltr'><strong>FLORILEGIUM.</strong></span> <span class='ocrx_word' id='word_1_2' title='bbox 965 267 1067 310; x_wconf 83' lang='lat' dir='ltr'>Trr.</span> <span class='ocrx_word' id='word_1_3' title='bbox 1092 269 1160 325; x_wconf 86' lang='lat'>63.</span> 
     </span>
    </p>
   </div>
   <div class='ocr_carea' id='block_1_2' title="bbox 107 374 1364 2923">
    <p class='ocr_par' dir='ltr' id='par_1_2' title="bbox 107 374 1364 2923">
     <span class='ocr_line' id='line_1_2' title="bbox 143 374 1231 434; baseline -0.001 -15"><span class='ocrx_word' id='word_1_4' title='bbox 143 376 188 420; x_wconf 88' lang='lat' dir='ltr'>Si</span> <span class='ocrx_word' id='word_1_5' title='bbox 208 376 304 434; x_wconf 80' lang='lat' dir='ltr'>quis</span> <span class='ocrx_word' id='word_1_6' title='bbox 321 390 390 418; x_wconf 80' lang='lat' dir='ltr'>eas</span> <span class='ocrx_word' id='word_1_7' title='bbox 409 375 632 418; x_wconf 86' lang='lat' dir='ltr'>comitetur</span> <span class='ocrx_word' id='word_1_8' title='bbox 649 374 811 418; x_wconf 81' lang='lat' dir='ltr'>habens</span> <span class='ocrx_word' id='word_1_9' title='bbox 828 374 1051 418; x_wconf 79' lang='lat' dir='ltr'><strong>inamabile</strong></span> <span class='ocrx_word' id='word_1_10' title='bbox 1070 384 1231 434; x_wconf 81' lang='lat' dir='ltr'>pectus,</span> 
     </span>
     <span class='ocr_line' id='line_1_3' title="bbox 142 448 1235 508; baseline 0.002 -15"><span class='ocrx_word' id='word_1_11' title='bbox 142 449 343 493; x_wconf 83' lang='lat' dir='ltr'>Protinus</span> <span class='ocrx_word' id='word_1_12' title='bbox 361 449 476 492; x_wconf 90' lang='lat' dir='ltr'>hunc</span> <span class='ocrx_word' id='word_1_13' title='bbox 492 448 668 507; x_wconf 84' lang='lat' dir='ltr'>fugiunt</span> <span class='ocrx_word' id='word_1_14' title='bbox 686 448 1055 508; x_wconf 85' lang='lat' dir='ltr'>dedignanturque</span> <span class='ocrx_word' id='word_1_15' title='bbox 1073 450 1235 495; x_wconf 79' lang='lat' dir='ltr'>docere,</span> 
     </span>
     <span class='ocr_line' id='line_1_4' title="bbox 141 523 1149 583; baseline 0.001 -16"><span class='ocrx_word' id='word_1_16' title='bbox 141 526 208 567; x_wconf 82' lang='lat' dir='ltr'>At</span> <span class='ocrx_word' id='word_1_17' title='bbox 225 533 366 567; x_wconf 75' lang='lat' dir='ltr'>cantat</span> <span class='ocrx_word' id='word_1_18' title='bbox 384 524 459 583; x_wconf 91' lang='lat' dir='ltr'>qui</span> <span class='ocrx_word' id='word_1_19' title='bbox 475 523 600 566; x_wconf 89' lang='lat' dir='ltr'>dulce</span> <span class='ocrx_word' id='word_1_20' title='bbox 618 523 739 582; x_wconf 86' lang='lat' dir='ltr'>gravi</span> <span class='ocrx_word' id='word_1_21' title='bbox 757 524 975 582; x_wconf 78' lang='lat' dir='ltr'>perculsus</span> <span class='ocrx_word' id='word_1_22' title='bbox 994 540 1149 578; x_wconf 90' lang='lat' dir='ltr'>amore,</span> 
     </span>
     <span class='ocr_line' id='line_1_5' title="bbox 142 596 1112 656; baseline 0.002 -16"><span class='ocrx_word' id='word_1_23' title='bbox 142 598 275 641; x_wconf 86' lang='lat' dir='ltr'>Hunc</span> <span class='ocrx_word' id='word_1_24' title='bbox 292 596 559 640; x_wconf 88' lang='lat' dir='ltr'>circumfusae</span> <span class='ocrx_word' id='word_1_25' title='bbox 577 597 735 656; x_wconf 85' lang='lat' dir='ltr'>pariter</span> <span class='ocrx_word' id='word_1_26' title='bbox 753 597 920 641; x_wconf 84' lang='lat' dir='ltr'>coluere</span> <span class='ocrx_word' id='word_1_27' title='bbox 938 611 1112 642; x_wconf 84' lang='lat' dir='ltr'>sorores.</span> 
     </span>
     <span class='ocr_line' id='line_1_6' title="bbox 140 670 1356 729; baseline 0.002 -15"><span class='ocrx_word' id='word_1_28' title='bbox 140 672 290 729; x_wconf 88' lang='lat' dir='ltr'>Atque</span> <span class='ocrx_word' id='word_1_29' title='bbox 308 671 428 723; x_wconf 85' lang='lat' dir='ltr'>adeo,</span> <span class='ocrx_word' id='word_1_30' title='bbox 449 686 578 729; x_wconf 84' lang='lat' dir='ltr'>quam</span> <span class='ocrx_word' id='word_1_31' title='bbox 595 686 694 713; x_wconf 84' lang='lat' dir='ltr'>vera</span> <span class='ocrx_word' id='word_1_32' title='bbox 711 670 876 728; x_wconf 84' lang='lat' dir='ltr'>loquar,</span> <span class='ocrx_word' id='word_1_33' title='bbox 896 687 964 714; x_wconf 90' lang='lat' dir='ltr'>me</span> <span class='ocrx_word' id='word_1_34' title='bbox 982 671 1140 715; x_wconf 78' lang='lat' dir='ltr'>discere</span> <span class='ocrx_word' id='word_1_35' title='bbox 1159 680 1264 716; x_wconf 80' lang='lat' dir='ltr'>teste</span> <span class='ocrx_word' id='word_1_36' title='bbox 1281 682 1356 715; x_wconf 76' lang='lat' dir='ltr'>est.</span> 
     </span>
     <span class='ocr_line' id='line_1_7' title="bbox 140 743 1364 802; baseline 0.002 -16"><span class='ocrx_word' id='word_1_37' title='bbox 140 745 184 786; x_wconf 93' lang='lat' dir='ltr'>N</span> <span class='ocrx_word' id='word_1_38' title='bbox 185 759 338 802; x_wconf 86' lang='lat' dir='ltr'>amque</span> <span class='ocrx_word' id='word_1_39' title='bbox 356 743 487 786; x_wconf 85' lang='lat' dir='ltr'>alium</span> <span class='ocrx_word' id='word_1_40' title='bbox 504 744 670 787; x_wconf 84' lang='lat' dir='ltr'>celebro</span> <span class='ocrx_word' id='word_1_41' title='bbox 687 744 853 802; x_wconf 82' lang='lat' dir='ltr'>quoties</span> <span class='ocrx_word' id='word_1_42' title='bbox 871 744 1135 788; x_wconf 85' lang='lat' dir='ltr'>hominemve</span> <span class='ocrx_word' id='word_1_43' title='bbox 1154 747 1364 798; x_wconf 88' lang='lat' dir='ltr'>Deumve,</span> 
     </span>
     <span class='ocr_line' id='line_1_8' title="bbox 140 817 1273 876; baseline 0.003 -16"><span class='ocrx_word' id='word_1_44' title='bbox 140 817 314 876; x_wconf 89' lang='lat' dir='ltr'>Lingua</span> <span class='ocrx_word' id='word_1_45' title='bbox 331 817 444 861; x_wconf 85' lang='lat' dir='ltr'>cadit</span> <span class='ocrx_word' id='word_1_46' title='bbox 463 818 618 870; x_wconf 77' lang='lat' dir='ltr'>subito,</span> <span class='ocrx_word' id='word_1_47' title='bbox 640 833 716 861; x_wconf 84' lang='lat' dir='ltr'>nec</span> <span class='ocrx_word' id='word_1_48' title='bbox 729 819 819 876; x_wconf 84' lang='lat' dir='ltr'>jam</span> <span class='ocrx_word' id='word_1_49' title='bbox 839 818 951 862; x_wconf 82' lang='lat' dir='ltr'>canit</span> <span class='ocrx_word' id='word_1_50' title='bbox 970 829 1020 862; x_wconf 85' lang='lat' dir='ltr'>ut</span> <span class='ocrx_word' id='word_1_51' title='bbox 1038 820 1144 863; x_wconf 84' lang='lat' dir='ltr'>solet</span> <span class='ocrx_word' id='word_1_52' title='bbox 1162 829 1273 863; x_wconf 88' lang='lat' dir='ltr'>ante.</span> 
     </span>
     <span class='ocr_line' id='line_1_9' title="bbox 139 892 1189 952; baseline 0.003 -17"><span class='ocrx_word' id='word_1_53' title='bbox 139 893 208 935; x_wconf 79' lang='lat' dir='ltr'>At</span> <span class='ocrx_word' id='word_1_54' title='bbox 224 892 389 951; x_wconf 79' lang='lat' dir='ltr'>quoties</span> <span class='ocrx_word' id='word_1_55' title='bbox 407 901 531 935; x_wconf 84' lang='lat' dir='ltr'>canto</span> <span class='ocrx_word' id='word_1_56' title='bbox 550 892 745 952; x_wconf 82' lang='lat' dir='ltr'><strong>Lycidan</strong></span> <span class='ocrx_word' id='word_1_57' title='bbox 764 903 808 937; x_wconf 85' lang='lat' dir='ltr'>et</span> <span class='ocrx_word' id='word_1_58' title='bbox 826 909 983 937; x_wconf 86' lang='lat' dir='ltr'>numen</span> <span class='ocrx_word' id='word_1_59' title='bbox 1001 894 1189 947; x_wconf 90' lang='lat' dir='ltr'>Amoris,</span> 
     </span>
     <span class='ocr_line' id='line_1_10' title="bbox 139 967 1260 1020; baseline 0.001 -10"><span class='ocrx_word' id='word_1_60' title='bbox 139 968 381 1010; x_wconf 78' lang='lat' dir='ltr'>Occurrunt</span> <span class='ocrx_word' id='word_1_61' title='bbox 400 967 514 1010; x_wconf 84' lang='lat' dir='ltr'>ultro</span> <span class='ocrx_word' id='word_1_62' title='bbox 535 967 639 1010; x_wconf 88' lang='lat' dir='ltr'>mihi</span> <span class='ocrx_word' id='word_1_63' title='bbox 657 967 856 1020; x_wconf 86' lang='lat' dir='ltr'>carmina,</span> <span class='ocrx_word' id='word_1_64' title='bbox 876 967 1040 1011; x_wconf 85' lang='lat' dir='ltr'>blanda.</span> <span class='ocrx_word' id='word_1_65' title='bbox 1051 968 1147 1012; x_wconf 83' lang='lat' dir='ltr'>fluit</span> <span class='ocrx_word' id='word_1_66' title='bbox 1165 984 1260 1012; x_wconf 83' lang='lat' dir='ltr'><strong>vox.</strong></span> 
     </span>
     <span class='ocr_line' id='line_1_11' title="bbox 673 1042 948 1099; baseline 0 -16"><span class='ocrx_word' id='word_1_67' title='bbox 673 1042 714 1084; x_wconf 89' lang='lat'>8.</span> <span class='ocrx_word' id='word_1_68' title='bbox 736 1042 948 1099; x_wconf 72' lang='lat' dir='ltr'>Zopyrus.</span> 
     </span>
     <span class='ocr_line' id='line_1_12' title="bbox 198 1114 1168 1173; baseline 0.001 -16"><span class='ocrx_word' id='word_1_69' title='bbox 198 1115 297 1172; x_wconf 86' lang='lat' dir='ltr'>Ego</span> <span class='ocrx_word' id='word_1_70' title='bbox 315 1114 446 1158; x_wconf 87' lang='lat' dir='ltr'>vitam</span> <span class='ocrx_word' id='word_1_71' title='bbox 465 1114 639 1157; x_wconf 85' lang='lat' dir='ltr'>Amoris</span> <span class='ocrx_word' id='word_1_72' title='bbox 657 1114 813 1172; x_wconf 88' lang='lat' dir='ltr'>degere</span> <span class='ocrx_word' id='word_1_73' title='bbox 831 1124 1046 1173; x_wconf 84' lang='lat' dir='ltr'>expertem</span> <span class='ocrx_word' id='word_1_74' title='bbox 1065 1115 1168 1158; x_wconf 77' lang='lat' dir='ltr'>meis</span> 
     </span>
     <span class='ocr_line' id='line_1_13' title="bbox 139 1187 1080 1247; baseline 0.001 -16"><span class='ocrx_word' id='word_1_75' title='bbox 139 1189 239 1232; x_wconf 89' lang='lat' dir='ltr'>Non</span> <span class='ocrx_word' id='word_1_76' title='bbox 258 1204 407 1247; x_wconf 87' lang='lat' dir='ltr'>precor</span> <span class='ocrx_word' id='word_1_77' title='bbox 423 1188 581 1240; x_wconf 59' lang='lat' dir='ltr'>mimz,</span> <span class='ocrx_word' id='word_1_78' title='bbox 602 1187 678 1231; x_wconf 83' lang='lat' dir='ltr'>sed</span> <span class='ocrx_word' id='word_1_79' title='bbox 695 1188 777 1232; x_wconf 85' lang='lat' dir='ltr'>deo</span> <span class='ocrx_word' id='word_1_80' title='bbox 795 1188 963 1247; x_wconf 81' lang='lat' dir='ltr'>placido</span> <span class='ocrx_word' id='word_1_81' title='bbox 981 1189 1080 1232; x_wconf 84' lang='lat' dir='ltr'>frui.</span> 
     </span>
     <span class='ocr_line' id='line_1_14' title="bbox 632 1264 988 1319; baseline 0.003 -14"><span class='ocrx_word' id='word_1_82' title='bbox 632 1275 674 1319; x_wconf 85' lang='lat'>9.</span> <span class='ocrx_word' id='word_1_83' title='bbox 695 1264 988 1307; x_wconf 70' lang='lat' dir='ltr'>Aristarchus.</span> 
     </span>
     <span class='ocr_line' id='line_1_15' title="bbox 197 1336 1081 1395; baseline 0 -15"><span class='ocrx_word' id='word_1_84' title='bbox 197 1337 284 1390; x_wconf 81' lang='lat' dir='ltr'>Qui</span> <span class='ocrx_word' id='word_1_85' title='bbox 303 1337 420 1381; x_wconf 87' lang='lat' dir='ltr'>nulla</span> <span class='ocrx_word' id='word_1_86' title='bbox 438 1337 612 1380; x_wconf 86' lang='lat' dir='ltr'>Amoris</span> <span class='ocrx_word' id='word_1_87' title='bbox 629 1352 776 1395; x_wconf 87' lang='lat' dir='ltr'>passus</span> <span class='ocrx_word' id='word_1_88' title='bbox 794 1346 858 1380; x_wconf 82' lang='lat' dir='ltr'>est</span> <span class='ocrx_word' id='word_1_89' title='bbox 875 1336 1081 1390; x_wconf 88' lang='lat' dir='ltr'>incendia,</span> 
     </span>
     <span class='ocr_line' id='line_1_16' title="bbox 140 1408 931 1467; baseline -0.001 -15"><span class='ocrx_word' id='word_1_90' title='bbox 140 1410 184 1452; x_wconf 84' lang='lat' dir='ltr'>N</span> <span class='ocrx_word' id='word_1_91' title='bbox 185 1409 408 1453; x_wconf 78' lang='lat' dir='ltr'>ecessitatis</span> <span class='ocrx_word' id='word_1_92' title='bbox 427 1408 559 1452; x_wconf 68' lang='lat' dir='ltr'>naecit</span> <span class='ocrx_word' id='word_1_93' title='bbox 575 1408 743 1452; x_wconf 82' lang='lat' dir='ltr'>invictae</span> <span class='ocrx_word' id='word_1_94' title='bbox 755 1409 931 1467; x_wconf 87' lang='lat' dir='ltr'>jugum,</span> 
     </span>
     <span class='ocr_line' id='line_1_17' title="bbox 107 1482 962 1542; baseline 0.001 -18"><span class='ocrx_word' id='word_1_95' title='bbox 107 1519 111 1524; x_wconf 87' lang='grc'><em>,</em></span> <span class='ocrx_word' id='word_1_96' title='bbox 139 1485 249 1537; x_wconf 82' lang='lat' dir='ltr'>Quae</span> <span class='ocrx_word' id='word_1_97' title='bbox 268 1499 336 1526; x_wconf 91' lang='lat' dir='ltr'>me</span> <span class='ocrx_word' id='word_1_98' title='bbox 356 1483 524 1542; x_wconf 85' lang='lat' dir='ltr'>subegit</span> <span class='ocrx_word' id='word_1_99' title='bbox 541 1483 622 1526; x_wconf 88' lang='lat' dir='ltr'>hoc</span> <span class='ocrx_word' id='word_1_100' title='bbox 639 1482 720 1526; x_wconf 84' lang='lat' dir='ltr'>iter</span> <span class='ocrx_word' id='word_1_101' title='bbox 737 1498 962 1541; x_wconf 69' lang='lat' dir='ltr'>capoesere.</span> 
     </span>
     <span class='ocr_line' id='line_1_18' title="bbox 138 1557 1061 1616; baseline -0.001 -15"><span class='ocrx_word' id='word_1_102' title='bbox 138 1559 338 1616; x_wconf 83' lang='lat' dir='ltr'>Namque</span> <span class='ocrx_word' id='word_1_103' title='bbox 354 1557 426 1601; x_wconf 89' lang='lat' dir='ltr'>ille</span> <span class='ocrx_word' id='word_1_104' title='bbox 444 1558 576 1601; x_wconf 88' lang='lat' dir='ltr'>robur</span> <span class='ocrx_word' id='word_1_105' title='bbox 592 1557 714 1600; x_wconf 79' lang='lat' dir='ltr'>addit</span> <span class='ocrx_word' id='word_1_106' title='bbox 730 1557 907 1604; x_wconf 82' lang='lat' dir='ltr'>infirmis</span> <span class='ocrx_word' id='word_1_107' title='bbox 925 1558 1061 1610; x_wconf 83' lang='lat' dir='ltr'>Deus,</span> 
     </span>
     <span class='ocr_line' id='line_1_19' title="bbox 142 1631 1002 1690; baseline -0.001 -15"><span class='ocrx_word' id='word_1_108' title='bbox 142 1632 350 1690; x_wconf 87' lang='lat' dir='ltr'>Idemque</span> <span class='ocrx_word' id='word_1_109' title='bbox 367 1640 572 1675; x_wconf 86' lang='lat' dir='ltr'>monstrat</span> <span class='ocrx_word' id='word_1_110' title='bbox 589 1631 713 1674; x_wconf 84' lang='lat' dir='ltr'>inviis</span> <span class='ocrx_word' id='word_1_111' title='bbox 732 1632 860 1675; x_wconf 86' lang='lat' dir='ltr'>rebus</span> <span class='ocrx_word' id='word_1_112' title='bbox 878 1631 1002 1674; x_wconf 85' lang='lat' dir='ltr'>viam.</span> 
     </span>
     <span class='ocr_line' id='line_1_20' title="bbox 595 1706 1026 1749; baseline -0.002 -1"><span class='ocrx_word' id='word_1_113' title='bbox 595 1719 660 1749; x_wconf 91' lang='lat'>10.</span> <span class='ocrx_word' id='word_1_114' title='bbox 681 1706 1026 1748; x_wconf 58' lang='lat' dir='ltr'>Amandrides.</span> 
     </span>
     <span class='ocr_line' id='line_1_21' title="bbox 198 1778 1023 1838; baseline -0.001 -16"><span class='ocrx_word' id='word_1_115' title='bbox 198 1779 448 1822; x_wconf 88' lang='lat' dir='ltr'>Umbratico</span> <span class='ocrx_word' id='word_1_116' title='bbox 461 1779 632 1822; x_wconf 80' lang='lat' dir='ltr'>doctore</span> <span class='ocrx_word' id='word_1_117' title='bbox 651 1778 786 1822; x_wconf 81' lang='lat' dir='ltr'>multo</span> <span class='ocrx_word' id='word_1_118' title='bbox 805 1787 868 1822; x_wconf 84' lang='lat' dir='ltr'>est</span> <span class='ocrx_word' id='word_1_119' title='bbox 884 1779 1023 1838; x_wconf 88' lang='lat' dir='ltr'>aptior</span> 
     </span>
     <span class='ocr_line' id='line_1_22' title="bbox 141 1853 1050 1911; baseline 0.001 -16"><span class='ocrx_word' id='word_1_120' title='bbox 141 1854 279 1895; x_wconf 90' lang='lat' dir='ltr'>Amor</span> <span class='ocrx_word' id='word_1_121' title='bbox 298 1853 495 1911; x_wconf 78' lang='lat' dir='ltr'>magister</span> <span class='ocrx_word' id='word_1_122' title='bbox 513 1853 612 1896; x_wconf 82' lang='lat' dir='ltr'>vitae</span> <span class='ocrx_word' id='word_1_123' title='bbox 631 1853 687 1896; x_wconf 85' lang='lat' dir='ltr'>ad</span> <span class='ocrx_word' id='word_1_124' title='bbox 706 1853 904 1896; x_wconf 81' lang='lat' dir='ltr'>humanae</span> <span class='ocrx_word' id='word_1_125' title='bbox 923 1853 1050 1896; x_wconf 83' lang='lat' dir='ltr'>viam.</span> 
     </span>
     <span class='ocr_line' id='line_1_23' title="bbox 476 1926 1051 1985; baseline -0.003 -16"><span class='ocrx_word' id='word_1_126' title='bbox 476 1936 485 1940; x_wconf 69' lang='lat'><strong><em>‘</em></strong></span> <span class='ocrx_word' id='word_1_127' title='bbox 564 1940 580 1969; x_wconf 85' lang='lat'>1</span> <span class='ocrx_word' id='word_1_128' title='bbox 593 1940 632 1969; x_wconf 91' lang='lat'>1.</span> <span class='ocrx_word' id='word_1_129' title='bbox 654 1926 894 1984; x_wconf 55' lang='lat' dir='ltr'>Emipides</span> <span class='ocrx_word' id='word_1_130' title='bbox 912 1926 1051 1985; x_wconf 77' lang='lat' dir='ltr'>Auge.</span> 
     </span>
     <span class='ocr_line' id='line_1_24' title="bbox 198 1998 1019 2051; baseline -0.002 -9"><span class='ocrx_word' id='word_1_131' title='bbox 198 1999 283 2051; x_wconf 85' lang='lat' dir='ltr'>Qui</span> <span class='ocrx_word' id='word_1_132' title='bbox 302 2014 388 2041; x_wconf 91' lang='lat' dir='ltr'>non</span> <span class='ocrx_word' id='word_1_133' title='bbox 407 1998 580 2042; x_wconf 87' lang='lat' dir='ltr'>Amoris</span> <span class='ocrx_word' id='word_1_134' title='bbox 598 2011 756 2042; x_wconf 81' lang='lat' dir='ltr'>numen</span> <span class='ocrx_word' id='word_1_135' title='bbox 773 1998 1019 2041; x_wconf 79' lang='lat' dir='ltr'>admirabile</span> 
     </span>
     <span class='ocr_line' id='line_1_25' title="bbox 141 2070 1086 2130; baseline -0.001 -15"><span class='ocrx_word' id='word_1_136' title='bbox 141 2073 364 2130; x_wconf 83' lang='lat' dir='ltr'>Supraque</span> <span class='ocrx_word' id='word_1_137' title='bbox 382 2081 555 2114; x_wconf 77' lang='lat' dir='ltr'>cunctos</span> <span class='ocrx_word' id='word_1_138' title='bbox 573 2071 728 2130; x_wconf 77' lang='lat' dir='ltr'>caelites</span> <span class='ocrx_word' id='word_1_139' title='bbox 745 2070 930 2128; x_wconf 85' lang='lat' dir='ltr'>positum</span> <span class='ocrx_word' id='word_1_140' title='bbox 948 2079 1086 2128; x_wconf 79' lang='lat' dir='ltr'>putat,</span> 
     </span>
     <span class='ocr_line' id='line_1_26' title="bbox 139 2130 1169 2204; baseline 0 -16"><span class='ocrx_word' id='word_1_141' title='bbox 139 2147 230 2188; x_wconf 88' lang='lat' dir='ltr'>Aut</span> <span class='ocrx_word' id='word_1_142' title='bbox 249 2145 444 2204; x_wconf 88' lang='lat' dir='ltr'>stupidus</span> <span class='ocrx_word' id='word_1_143' title='bbox 462 2145 531 2188; x_wconf 89' lang='lat' dir='ltr'>ille</span> <span class='ocrx_word' id='word_1_144' title='bbox 546 2155 627 2189; x_wconf 82' lang='lat' dir='ltr'>aut</span> <span class='ocrx_word' id='word_1_145' title='bbox 644 2146 775 2188; x_wconf 81' lang='lat' dir='ltr'>orbus</span> <span class='ocrx_word' id='word_1_146' title='bbox 793 2130 1064 2204; x_wconf 46' lang='lat' dir='ltr'>efferientia,</span> <span class='ocrx_word' id='word_1_147' title='bbox 1166 2142 1169 2145; x_wconf 70' lang='grc'><strong>’</strong></span> 
     </span>
     <span class='ocr_line' id='line_1_27' title="bbox 141 2218 1063 2277; baseline -0.002 -15"><span class='ocrx_word' id='word_1_148' title='bbox 141 2220 318 2277; x_wconf 85' lang='lat' dir='ltr'>Ignorat</span> <span class='ocrx_word' id='word_1_149' title='bbox 334 2218 494 2261; x_wconf 90' lang='lat' dir='ltr'>homini</span> <span class='ocrx_word' id='word_1_150' title='bbox 513 2218 723 2261; x_wconf 78' lang='lat' dir='ltr'>maximus</span> <span class='ocrx_word' id='word_1_151' title='bbox 739 2218 838 2275; x_wconf 81' lang='lat' dir='ltr'>quis</span> <span class='ocrx_word' id='word_1_152' title='bbox 857 2219 911 2261; x_wconf 86' lang='lat' dir='ltr'>sit</span> <span class='ocrx_word' id='word_1_153' title='bbox 930 2219 1063 2260; x_wconf 86' lang='lat' dir='ltr'>Deus.</span> 
     </span>
     <span class='ocr_line' id='line_1_28' title="bbox 633 2291 998 2349; baseline -0.003 -16"><span class='ocrx_word' id='word_1_154' title='bbox 633 2303 699 2333; x_wconf 87' lang='lat'>12.</span> <span class='ocrx_word' id='word_1_155' title='bbox 721 2291 998 2349; x_wconf 59' lang='lat' dir='ltr'>Antiphates.</span> 
     </span>
     <span class='ocr_line' id='line_1_29' title="bbox 198 2363 1203 2423; baseline -0.001 -15"><span class='ocrx_word' id='word_1_156' title='bbox 198 2365 454 2423; x_wconf 84' lang='lat' dir='ltr'>Quicunque</span> <span class='ocrx_word' id='word_1_157' title='bbox 470 2374 658 2408; x_wconf 72' lang='lat' dir='ltr'>amantes</span> <span class='ocrx_word' id='word_1_158' title='bbox 674 2365 800 2408; x_wconf 82' lang='lat' dir='ltr'>orbos</span> <span class='ocrx_word' id='word_1_159' title='bbox 818 2364 970 2408; x_wconf 83' lang='lat' dir='ltr'>mentis</span> <span class='ocrx_word' id='word_1_160' title='bbox 988 2363 1203 2422; x_wconf 63' lang='lat' dir='ltr'>praedicat,</span> 
     </span>
     <span class='ocr_line' id='line_1_30' title="bbox 139 2438 1062 2497; baseline -0.002 -15"><span class='ocrx_word' id='word_1_161' title='bbox 139 2440 187 2482; x_wconf 90' lang='lat' dir='ltr'>Is</span> <span class='ocrx_word' id='word_1_162' title='bbox 205 2438 294 2496; x_wconf 82' lang='lat' dir='ltr'>ipse</span> <span class='ocrx_word' id='word_1_163' title='bbox 312 2449 498 2497; x_wconf 78' lang='lat' dir='ltr'>quantus</span> <span class='ocrx_word' id='word_1_164' title='bbox 516 2447 722 2497; x_wconf 82' lang='lat' dir='ltr'>quantust</span> <span class='ocrx_word' id='word_1_165' title='bbox 740 2438 909 2496; x_wconf 88' lang='lat' dir='ltr'>ingenio</span> <span class='ocrx_word' id='word_1_166' title='bbox 927 2447 1062 2481; x_wconf 80' lang='lat' dir='ltr'>caret-t</span> 
     </span>
     <span class='ocr_line' id='line_1_31' title="bbox 141 2510 1202 2569; baseline -0.003 -14"><span class='ocrx_word' id='word_1_167' title='bbox 141 2513 251 2555; x_wconf 86' lang='lat' dir='ltr'>Nam</span> <span class='ocrx_word' id='word_1_168' title='bbox 274 2512 361 2555; x_wconf 83' lang='lat' dir='ltr'>vita</span> <span class='ocrx_word' id='word_1_169' title='bbox 378 2512 433 2554; x_wconf 87' lang='lat' dir='ltr'>ab</span> <span class='ocrx_word' id='word_1_170' title='bbox 452 2512 670 2555; x_wconf 87' lang='lat' dir='ltr'>hominum</span> <span class='ocrx_word' id='word_1_171' title='bbox 691 2512 724 2554; x_wconf 86' lang='lat' dir='ltr'>si</span> <span class='ocrx_word' id='word_1_172' title='bbox 743 2510 1004 2569; x_wconf 85' lang='lat' dir='ltr'>voluptatem</span> <span class='ocrx_word' id='word_1_173' title='bbox 1024 2511 1202 2562; x_wconf 80' lang='lat' dir='ltr'>auferas,</span> 
     </span>
     <span class='ocr_line' id='line_1_32' title="bbox 142 2585 961 2644; baseline -0.002 -14"><span class='ocrx_word' id='word_1_174' title='bbox 142 2587 263 2630; x_wconf 88' lang='lat' dir='ltr'>Mors</span> <span class='ocrx_word' id='word_1_175' title='bbox 281 2586 373 2644; x_wconf 82' lang='lat' dir='ltr'>ipsa</span> <span class='ocrx_word' id='word_1_176' title='bbox 390 2587 478 2630; x_wconf 77' lang='lat' dir='ltr'>vita</span> <span class='ocrx_word' id='word_1_177' title='bbox 496 2587 591 2630; x_wconf 87' lang='lat' dir='ltr'>fiet:</span> <span class='ocrx_word' id='word_1_178' title='bbox 625 2595 827 2644; x_wconf 81' lang='lat' dir='ltr'>praeterea</span> <span class='ocrx_word' id='word_1_179' title='bbox 845 2585 961 2628; x_wconf 88' lang='lat' dir='ltr'>nihil.</span> 
     </span>
     <span class='ocr_line' id='line_1_33' title="bbox 690 2660 936 2716; baseline -0.008 -14"><span class='ocrx_word' id='word_1_180' title='bbox 690 2674 706 2702; x_wconf 82' lang='grc' dir='ltr'><strong>ι</strong></span> <span class='ocrx_word' id='word_1_181' title='bbox 713 2673 754 2716; x_wconf 88' lang='lat'>3.</span> <span class='ocrx_word' id='word_1_182' title='bbox 775 2660 936 2702; x_wconf 68' lang='lat' dir='ltr'>Alea-is.</span> 
     </span>
     <span class='ocr_line' id='line_1_34' title="bbox 199 2733 1036 2792; baseline -0.002 -16"><span class='ocrx_word' id='word_1_183' title='bbox 199 2735 299 2777; x_wconf 86' lang='lat' dir='ltr'>Non</span> <span class='ocrx_word' id='word_1_184' title='bbox 319 2743 382 2776; x_wconf 88' lang='lat' dir='ltr'>est</span> <span class='ocrx_word' id='word_1_185' title='bbox 402 2734 597 2792; x_wconf 74' lang='lat' dir='ltr'>magister</span> <span class='ocrx_word' id='word_1_186' title='bbox 617 2734 730 2777; x_wconf 86' lang='lat' dir='ltr'>ullus</span> <span class='ocrx_word' id='word_1_187' title='bbox 748 2733 1036 2777; x_wconf 75' lang='lat' dir='ltr'>adolescentiae</span> 
     </span>
     <span class='ocr_line' id='line_1_35' title="bbox 140 2807 1116 2865; baseline -0.004 -14"><span class='ocrx_word' id='word_1_188' title='bbox 140 2809 249 2851; x_wconf 89' lang='lat' dir='ltr'>Tam</span> <span class='ocrx_word' id='word_1_189' title='bbox 269 2807 380 2850; x_wconf 74' lang='lat' dir='ltr'>fidus</span> <span class='ocrx_word' id='word_1_190' title='bbox 398 2817 526 2865; x_wconf 85' lang='lat' dir='ltr'>atque</span> <span class='ocrx_word' id='word_1_191' title='bbox 546 2807 738 2863; x_wconf 85' lang='lat' dir='ltr'>diligens,</span> <span class='ocrx_word' id='word_1_192' title='bbox 759 2816 888 2865; x_wconf 85' lang='lat' dir='ltr'>atque</span> <span class='ocrx_word' id='word_1_193' title='bbox 907 2814 969 2849; x_wconf 85' lang='lat' dir='ltr'>est</span> <span class='ocrx_word' id='word_1_194' title='bbox 990 2821 1116 2848; x_wconf 87' lang='lat' dir='ltr'>amor.</span> 
     </span>
     <span class='ocr_line' id='line_1_36' title="bbox 202 2890 876 2923; baseline -0.001 -1"><span class='ocrx_word' id='word_1_195' title='bbox 202 2895 301 2923; x_wconf 74' lang='lat' dir='ltr'>vor„</span> <span class='ocrx_word' id='word_1_196' title='bbox 326 2895 384 2922; x_wconf 86' lang='lat' dir='ltr'>1v.</span> <span class='ocrx_word' id='word_1_197' title='bbox 852 2890 876 2921; x_wconf 67' lang='lat'>12</span> 
     </span>
    </p>
   </div>
   <div class='ocr_carea' id='block_1_3' title="bbox 1397 275 1479 323">
    <p class='ocr_par' dir='ltr' id='par_1_3' title="bbox 1397 275 1479 323">
     <span class='ocr_line' id='line_1_37' title="bbox 1397 275 1479 323; baseline 0.037 -3"><span class='ocrx_word' id='word_1_198' title='bbox 1397 275 1479 323; x_wconf 84' lang='lat'>145</span> 
     </span>
    </p>
   </div>
  </div>
 </body>
</html>
