1838 3276
351 306 406 339 20
746 285 946 328 IOANN
951 285 1007 326 IS
1040 282 1249 325 STOBAE
1257 282 1279 323 1

352 405 435 448 Sed
456 405 489 446 si
509 404 605 461 quis
624 402 809 444 animum
831 399 1017 441 moribus
1036 397 1197 439 cultum
1218 395 1348 453 gerit:

351 481 461 522 Nam
482 477 601 521 facile
622 475 724 519 tales
743 473 908 530 mitigat
927 471 1109 530 supplex
1129 469 1280 528 pudor.

915 548 980 589 26.
1003 547 1132 587 Idem.

412 621 619 664 Hostilior
639 623 704 662 re's
723 619 840 661 nulla
859 617 1030 660 consilio
1049 615 1170 658 malo.

861 706 927 747 27.
955 692 1185 750 Theognis.

411 771 495 822 Qui
515 770 619 812 nihil
638 769 808 812 alterius
828 776 952 826 putat
969 781 1057 809 esse
1077 765 1121 807 in
1140 773 1308 822 pectore
1328 761 1493 812 mentis,

468 845 526 886 At
546 843 624 886 sibi
646 842 863 886 consilinm
882 839 1012 883 millia
1032 847 1269 896 suppetere,

356 917 441 960 Hic
461 916 564 959 mihi
583 925 790 959 commota
807 914 988 957 furiatus
1007 917 1146 955 mente
1164 911 1355 954 videtur:

412 992 524 1034 Nam
544 990 695 1033 scimus
714 988 838 1031 multi
857 987 1004 1039 multa,
1026 1002 1103 1029 nec
1117 986 1209 1028 haec
1228 984 1393 1028 eadem:

355 1066 432 1107 Ast
450 1063 541 1108 aliis
559 1078 648 1106 rem
668 1077 751 1105 non
771 1061 904 1104 licitas
923 1074 1079 1118 augere
1098 1074 1174 1116 per
1193 1066 1303 1100 artes

412 1136 596 1194 Relligio
614 1144 700 1178 est:
732 1134 833 1177 alios
852 1133 1054 1189 frausque
1073 1130 1281 1191 dolusque
1294 1129 1461 1187 juvant.

863 1206 927 1250 28.
950 1204 1202 1247 Menander.

419 1281 591 1323 Inscitia
610 1289 672 1323 est
691 1264 912 1322 manifestis
930 1278 1047 1336 quod
1068 1277 1171 1320 scito
1189 1285 1251 1319 est
1269 1290 1378 1332 opus

362 1354 416 1396 Id
438 1354 555 1405 scire,
576 1368 661 1396 non
681 1368 826 1396 cavere
846 1352 965 1410 quod
983 1363 1109 1394 cauto
1130 1360 1192 1394 est
1211 1365 1331 1408 opus,

922 1439 988 1482 29.
1007 1425 1139 1467 Idem.

420 1500 606 1543 Pecunia
624 1500 699 1557 qui
718 1499 839 1542 floret
859 1508 900 1541 et
919 1498 1170 1549 fautoribus,

364 1574 408 1616 Si
428 1573 564 1631 majus
583 1572 699 1615 aliud
720 1571 887 1629 quaerit,
908 1571 980 1628 pol
999 1570 1153 1628 quaerit
1171 1568 1342 1612 malum.

860 1658 928 1700 30.
951 1644 1200 1702 Euripides.

420 1721 653 1777 Utcunque
674 1719 802 1761 verba
821 1718 946 1760 docta
965 1733 1050 1760 non
1068 1717 1193 1759 docto
1206 1716 1410 1774 ingeram,

365 1794 549 1852 Implere
568 1808 786 1850 nunquam
806 1801 952 1849 potero
970 1799 1118 1849 pectus
1137 1790 1359 1848 perfluum.

920 1877 990 1921 31.
1013 1865 1143 1906 Idem.
1206 1912 1208 1914 ‚

422 1939 520 1981 Hoc
541 1937 667 1989 disce,
690 1937 724 1979 si
744 1952 828 1979 non
847 1946 944 1980 ante
963 1936 1146 1979 didicisti
1163 1946 1325 1984 tamem

365 2014 553 2055 Pravmn
573 2028 675 2064 esse,
696 2026 850 2069 magna
868 2010 1008 2069 portio
1028 2009 1249 2068 imperitiae
1268 2018 1342 2052 est.

789 2097 858 2141 32.
879 2084 998 2126 Idem
1017 2083 1277 2126 Aleoewmbra.

422 2163 443 2194 P
461 2155 557 2205 Qua
576 2162 695 2211 parte
716 2163 772 2205 te,
795 2155 907 2206 Rex,
928 2154 1094 2197 vincere
1113 2169 1166 2196 ex
1187 2168 1268 2196 usu
1287 2152 1385 2203 fuit,

365 2227 463 2268 Non
484 2225 628 2277 vincis,
649 2234 693 2267 at
713 2225 772 2267 ibi
792 2225 922 2268 vincis
942 2226 1016 2268 ubi
1039 2241 1126 2268 non
1142 2234 1207 2268 est
1225 2240 1356 2283 opus:

367 2302 506 2345 Servis
526 2301 630 2344 nihil
651 2317 735 2344 non
755 2302 882 2354 cedis,
904 2302 1099 2359 ingenuis
1117 2301 1234 2344 nihil.

896 2389 966 2433 33.
988 2377 1184 2434 Eupolis.

426 2452 647 2508 Quotquot
661 2451 729 2493 hic
744 2451 1039 2508 spectaturitis,
1051 2465 1197 2493 aurem
1211 2458 1254 2493 et
1269 2449 1457 2493 animum
1471 2448 1679 2492 advortite
1691 2463 1707 2491 z,

370 2525 566 2580 Namque
586 2539 629 2566 se
648 2523 852 2567 convertit
871 2524 927 2567 ad
946 2540 1022 2567 vos
1041 2532 1184 2578 nostra
1201 2539 1340 2567 cause
1357 2523 1496 2567 dictio.
1544 2571 1546 2573 ,

367 2598 452 2638 Vos
469 2597 689 2655 peregrino
709 2606 844 2654 poetae
863 2597 1024 2655 grande
1037 2596 1224 2640 clamatis
1243 2596 1414 2655 sophos:

370 2668 538 2711 Civium
559 2670 631 2712 sed
652 2670 782 2728 siquis
801 2670 881 2714 arti
900 2670 1132 2715 carminum
1150 2686 1194 2714 se
1214 2670 1388 2713 tradidit

372 2740 523 2798 Ingeni
543 2756 626 2784 non
648 2742 862 2799 sequioris,
883 2751 1022 2786 mente
1041 2752 1214 2802 captum
1231 2742 1382 2794 dicitis,

818 2857 834 2878 Ρ
850 2851 948 2883 Refer
964 2852 1004 2883 ad
1019 2850 1087 2884 Tit.
1102 2850 1261 2884 vam.
