1780 3178
454 315 921 368 FLO'RiLEGIUM.
955 324 1060 367 Τιτ.
1087 336 1179 382 105.
1395 337 1477 382 259

141 436 280 488 Quam
301 437 353 479 sit
373 437 531 480 caduca
549 441 591 481 et
611 437 750 481 fluxa:
782 435 1016 497 prostratus
1035 439 1123 482 solo

141 511 310 569 Surgit:
344 513 491 555 beatus
510 512 615 555 alter
634 520 803 556 eversus
820 514 947 557 cadit.
1123 511 1125 514 ’

555 599 624 643 32.
649 587 766 629 Idem
785 588 1064 630 Andromeda.

196 659 322 702 Adeo
342 675 476 718 usque
496 660 596 703 felix
617 659 760 704 nullus
778 670 839 704 est
860 662 1099 705 mortalium

140 732 297 775 Divina
314 749 439 792 quem
462 749 546 777 non
565 742 740 792 ‘proruat
761 735 930 778 tandem
951 745 1110 778 manus.

562 820 588 863 3
590 818 632 863 3.
655 807 775 848 Idem
794 808 1052 849 Alea-andro.

198 879 261 921 Ut
282 895 403 922 nemo
422 880 522 922 felix
543 880 732 938 undique
750 891 813 923 oet
832 881 1088 924 mortalium!

597 966 664 1010 34
690 954 805 996 Idem
829 955 1017 997 Hecuba.

197 1027 261 1068 Ut
282 1026 384 1068 nihil
404 1027 447 1068 in
468 1042 591 1084 aequo
609 1033 826 1085 permanet
845 1029 1109 1072 mortalibus!

671 1114 739 1159 35.
764 1103 938 1146 Ibidem.

196 1174 260 1216 Ut
280 1174 339 1216 nil
359 1174 599 1219 hominibus
619 1177 852 1234 proprium,
870 1192 954 1219 non
972 1177 1119 1234 gloria,

138 1249 236 1290 Non
257 1264 350 1306 spes
369 1249 504 1291 futuri
524 1250 649 1291 rebus
669 1265 719 1292 ex
741 1251 1029 1307 praesentibus.

528 1324 598 1379 36.
621 1323 840 1367 Hesiodus
863 1320 1081 1386 Operibus.

196 1397 292 1455 Ipsa
311 1397 399 1440 dies
419 1398 576 1440 homini
591 1399 680 1456 jam
702 1408 834 1441 mater
848 1400 1024 1458 jamque
1044 1416 1220 1443 noverca
1240 1411 1313 1443 est.

569 1481 637 1528 37.
659 1473 883 1531 Stfflhocles
903 1475 1043 1531 Ajace.

196 1546 262 1588 Ut
280 1545 388 1588 tollit
408 1561 551 1588 omnes
571 1555 737 1604 tempus
757 1556 799 1589 e't
819 1556 987 1590 rursum
1010 1549 1160 1606 premit

140 1618 389 1661 Mortalium
407 1634 483 1661 res.
535 1620 595 1661 Di
615 1628 753 1662 tamen
774 1625 909 1663 castos
926 1631 1082 1673 amant,

139 1691 446 1751 Hostiliterque
465 1707 628 1751 semper
645 1693 826 1736 oderunt
846 1696 986 1738 malos.

552 1769 622 1824 38.
646 1769 764 1810 Idem
790 1770 1052 1814 Trachiniis.

194 1839 306 1881 Olim
326 1839 435 1882 inter
454 1840 644 1885 homines
662 1841 812 1884 nobilis
830 1843 1033 1886 sententia
1053 1853 1128 1895 est,

139 1912 242 1954 Sciri
262 1914 434 1970 nequire
453 1914 559 1956 sitne
577 1914 678 1956 felix
698 1924 753 1958 an
773 1916 896 1958 unser

137 1985 221 2036 Qui
240 2001 403 2028 summa
422 1987 609 2029 nondum
630 1987 763 2045 spatia
781 1988 880 2030 vitae
898 1989 1136 2046 expleverit.

592 2074 664 2117 39.
685 2054 804 2102 Idem
823 2061 1018 2103 Phaedra.

195 2132 433 2175 Hominum
453 2132 842 2190 recense'quiequid
863 2138 1041 2191 usquam·
1061 2143 1123 2176 est
1142 2134 1330 2190 gentium·
1347 2152 1357 2176 z

94 2255 100 2263 x
138 2205 263 2247 Omni
284 2206 453 2249 beatum
474 2214 593 2263 parte
613 2213 696 2248 non
717 2207 934 2249 inveneris.

631 2294 699 2334 40.
723 2274 973 2339 Euripides.

196 2354 339 2396 Firma
359 2364 400 2396 et
420 2355 611 2412 perennis
630 2355 783 2397 nemini
804 2365 867 2398 est
886 2355 1070 2398 felicitas.

498 2436 567 2480 4¹·
591 2428 813 2485 Sophocles
839 2429 1099 2472 Trachiniis.

195 2499 387 2556 AEquum
408 2500 597 2556 profecto
617 2510 679 2542 est
699 2500 731 2542 si
752 2501 854 2543 velis
872 2502 1088 2563 advertere

136 2573 200 2615 Ut
219 2572 328 2615 dura
347 2573 490 2616 timeat
510 2575 577 2616 cui
598 2574 725 2617 datur
744 2575 850 2618 laetis
869 2575 965 2618 frui.
1067 2569 1071 2572 Δ

624 2659 694 2700 42.
716 2649 835 2689 Idem
855 2649 983 2692 Alete.

194 2718 307 2769 Quid
329 2728 390 2760 est
410 2719 526 2776 quod
546 2720 697 2778 aliquis
715 2720 834 2763 alteri
854 2728 1005 2764 sortem
1027 2722 1168 2764 datam

138 2793 312 2837 Summo
331 2792 525 2835 infimove
545 2803 688 2850 ponat,
708 2802 782 2837 aut
802 2794 920 2836 nullo
938 2796 981 2837 in
1002 2796 1105 2846 loco,

138 2866 248 2906 Cum
271 2865 373 2906 nibil
395 2865 435 2907 in
458 2881 541 2908 una
563 2859 659 2908 sede
678 2875 919 2924 permaneat
938 2868 1029 2910 diu!

797 2955 816 2979 s
841 2953 864 2982 2
