1838 3276
439 281 906 326 FLORILEGIUM.
937 283 1039 326 'rm
1062 295 1100 340 7.

95 398 193 440 Non
214 398 309 440 Dea
326 395 507 455 culparit
525 396 719 440 Tritonia
735 405 884 455 pectus
901 395 946 439 in
965 396 1051 448 illo,

151 470 249 512 Non
270 469 392 522 vires,
411 469 549 528 prima
566 478 681 512 stans
698 468 864 528 quoties
881 469 984 522 acie,

94 546 190 591 Aut
208 553 328 602 parte
347 558 399 586 ex
419 542 533 586 omni
551 542 710 601 pellens
727 542 895 585 hostilia
913 541 998 585 tela

153 618 362 661 Sustinuit
380 626 556 660 martem
575 617 907 676 sanguineasque
927 616 1059 659 vices:

22 731 27 733 r
95 694 186 736 Nec
204 692 288 736 fuit
304 692 457 735 infesto
474 699 720 750 conspectus
732 691 778 733 in
796 690 963 748 agmine
981 689 1205 748 quisquam

154 764 374 824 Intrepida
391 764 530 823 potior
547 763 723 807 vulnera
740 763 851 806 ferre
869 778 1014 815 manu,

94 840 214 882 Dum
233 838 381 897 rapido
403 837 510 881 Solis
528 837 730 880 lustratus
747 836 907 879 lumine
926 836 1046 880 vixit.

541 925 606 967 13·
626 910 806 954 Erima
823 909 988 953 Lesbia.

155 986 309 1028 Martis
327 1002 354 1028 ο
373 985 525 1043 proles,
546 983 649 1027 mihi
670 983 898 1027 Fortitudo

96 1061 286 1102 Auream
307 1057 419 1102 salve
437 1058 630 1101 redimita
647 1056 811 1110 vittam,

98 1134 264 1186 Sancta,
284 1148 382 1190 quae
402 1141 555 1176 terram
575 1145 702 1190 super
720 1131 806 1174 alta
822 1130 916 1174 coeli

270 1205 453 1264 Templa
470 1205 610 1248 tueris.

99 1282 212 1330 Nam
230 1280 307 1322 tibi
327 1281 472 1322 Parcae
492 1279 676 1322 tribuere
695 1278 771 1322 soli

100 1356 274 1412 Sceptra
291 1369 376 1396 non
396 1368 584 1411 unquam
603 1351 792 1410 peritura
809 1352 940 1410 regni.
959 1345 962 1364 ‘

101 1429 261 1487 Imperi
280 1436 322 1470 te
339 1427 403 1470 vis
421 1427 542 1470 decet
559 1435 603 1469 et
621 1425 804 1484 potentis

264 1502 438 1565 flexus,
449 1501 636 1544 habenae.
898 1551 903 1562 ι

100 1576 220 1620 Tum
239 1582 315 1619 tua
331 1574 526 1618 adductis
537 1572 647 1632 juga
662 1587 804 1631 pressa
822 1568 921 1614 loris

101 1649 329 1693 Continent
347 1657 469 1691 terrae
488 1646 589 1699 sola,
608 1644 907 1702 continentque

102 1724 308 1782 Spumeos
324 1721 503 1764 fluctus:
534 1718 612 1762 tibi
631 1727 726 1761 tuta
742 1716 819 1760 soli

218 1794 389 1853 oppida
407 1801 556 1851 parent
568 1808 582 1834 ι

104 1871 295 1927 Quaeque
313 1883 380 1910 res
398 1875 569 1910 cunctas
586 1879 696 1923 vaga
712 1862 822 1907 fallit
840 1870 957 1913 zetas,

104 1944 224 1986 Dum
243 1940 362 1985 novis
379 1940 508 1983 vitam
526 1938 661 1982 variat
678 1936 840 1995 figuti&

107 2017 280 2073 Semper
298 2023 348 2056 ut
366 2027 515 2071 regnes
532 2010 610 2054 tibi
628 2017 788 2069 perstat
805 2021 932 2051 auras

278 2090 408 2131 Ferre
427 2085 640 2130 secundas.

105 2162 177 2205 Tu
195 2160 307 2219 paris
324 2159 436 2203 bello
455 2157 639 2202 sobolem
656 2164 700 2199 et
718 2163 920 2213 negatum

108 2235 262 2280 Proelio
280 2233 390 2276 vinci
402 2231 591 2291 juvenile
608 2230 754 2282 robur,

108 2312 174 2355 Ut
191 2310 292 2354 boni
310 2317 486 2352 eventus
502 2314 684 2365 segetem
702 2314 890 2362 reportes

282 2384 427 2442 Fruge
445 2381 643 2425 virorum.

617 2465 637 2501 ι
641 2466 682 2508 5.
703 2451 930 2493 Homerus.

167 2529 268 2572 Non
286 2535 335 2571 tu
354 2542 422 2570 me
441 2541 585 2570 averso
598 2523 831 2582 fugientem
848 2520 1021 2563 vulnere
1036 2519 1163 2576 figes:

113 2602 158 2646 Si
175 2603 292 2653 libet,
312 2599 514 2660 oppositis
530 2596 683 2641 invade
700 2595 792 2639 haec
809 2601 980 2652 pectora
997 2591 1099 2635 telis.

612 2672 680 2714 62.
703 2667 940 2711 Panteoeus.

173 2750 212 2791 Ο
231 2762 365 2790 vanus
384 2745 502 2789 labor
521 2753 564 2787 et
582 2741 688 2787 tanti
705 2740 769 2784 vis
786 2738 904 2783 irrita
920 2735 1037 2780 belli!

1373 294 1426 337 31
