1780 3178
309 308 334 340 2
335 308 394 353 52
643 336 647 339 .
686 296 879 339 IOANN
884 296 940 339 IS
973 295 1218 340 STOBAE1

721 422 784 451 11.
809 410 1018 453 Cratinus
1036 411 1233 454 Divitiis.

366 483 476 524 Sunt
496 490 643 539 sponte
661 490 760 525 nata
779 483 898 540 queis
917 484 1038 526 Deus
1057 484 1206 542 pandit
1219 484 1342 527 bona.

814 568 878 600 12.
907 557 1138 615 Theognis.

305 633 461 690 Cyrne,
483 631 586 673 Deis
605 630 814 688 placeam:
845 630 947 673 felix
967 646 1035 673 me
1055 631 1143 674 vita
1162 638 1388 689 sequatur:

362 706 573 747 Praeterea
591 703 725 746 virtus
746 719 832 746 non
851 719 959 761 opus
978 703 1066 746 ulla
1085 704 1199 746 mihi.

419 832 425 836 ι
841 790 905 834 13.
929 778 1117 822 Sotades.

361 851 519 892 Omnes
538 848 735 890 miserant
753 849 964 907 pauperis,
985 849 1176 892 invident
1194 850 1389 892 habenti:

303 925 334 965 J
336 932 479 965 ustum
499 921 637 964 medio
657 922 823 965 tramite
841 931 1099 980 temperatur
1119 939 1269 966 aevum.

303 997 355 1039 Id
374 997 541 1040 credere
562 1005 638 1048 sat,
660 996 778 1054 quod
798 996 940 1048 datur,
961 996 1122 1055 optima
1140 1005 1203 1040 est
1221 996 1428 1055 voluptas.

811 1081 876 1121 14.
903 1069 1138 1128 Theognis.

306 1143 371 1187 Sit
388 1142 490 1185 mihi
509 1141 665 1184 divitiis
683 1142 836 1184 florens
854 1142 1094 1200 intactaque
1113 1143 1225 1186 curis

361 1217 602 1275 Liberaque
621 1228 663 1258 et
682 1215 800 1258 nullo
820 1216 959 1259 saucia
977 1216 1065 1259 vita
1083 1217 1208 1259 malo.

866 1290 933 1332 Ib.
956 1291 1087 1332 Idem.

303 1366 395 1407 Nec
414 1364 553 1422 cupio,
574 1379 650 1407 nec
669 1379 770 1422 opes
788 1372 891 1422 opto
910 1364 1036 1406 mihi:
1071 1364 1124 1407 sit
1142 1364 1246 1407 mihi
1264 1380 1397 1423 parvo
1457 1377 1465 1390 ⁵
1492 1374 1496 1381 '

359 1439 483 1481 Laeta
502 1438 575 1481 sed
593 1453 619 1480 a
638 1437 756 1480 duris
774 1437 906 1480 libera
923 1438 1012 1480 vita
1029 1438 1160 1481 malis.

722 1524 788 1566 15.
810 1511 1033 1568 Sophocles
1055 1511 1230 1555 Creusa.

361 1586 392 1626 J
395 1584 479 1626 usti
499 1593 642 1627 tenace
659 1583 879 1642 pulchrius
897 1584 985 1626 vita
1003 1583 1123 1636 nihil,

304 1646 378 1702 Nil
399 1659 572 1701 sanitate
591 1657 764 1707 melius;
797 1666 842 1700 at
860 1657 921 1700 nil
941 1657 1106 1701 dulcius

303 1733 372 1775 Ea
390 1747 518 1790 quam
538 1732 665 1789 potiri
684 1747 781 1789 quae
801 1731 879 1773 sibi
899 1731 1079 1788 quisque
1098 1732 1274 1790 expetit.

740 1881 1042 1930 TITULUS
1077 1881 1209 1930 CIV.

720 2005 794 2043 DE
822 2001 1221 2044 INFELICITATE.

749 2109 789 2138 1.
805 2096 1023 2138 Homerus
1043 2097 1195 2138 Iliade.

282 2175 285 2178 ’
359 2171 434 2213 Ah
454 2170 592 2221 miser,
612 2177 799 2211 extremo
818 2169 919 2211 senii
938 2185 1065 2227 quem
1085 2169 1242 2212 lumine
1262 2170 1381 2215 duris

301 2246 332 2287 J
336 2244 503 2302 uppiter
522 2251 687 2286 exercet
704 2242 815 2294 fatis,
836 2242 1034 2300 cogitque
1053 2242 1162 2285 tueri

299 2318 478 2361 Vincula
496 2325 704 2369 natarum,
726 2325 929 2374 natosque
947 2317 991 2359 in
1012 2318 1126 2360 caede
1139 2317 1341 2375 jacentes,

302 2394 579 2449 Vastatosque
598 2390 718 2442 lares,
739 2389 929 2448 illisaque
949 2405 1124 2448 corpora
1143 2399 1266 2433 terrae

303 2466 537 2516 Infantum,
559 2479 694 2507 saevus
713 2463 818 2505 dum
837 2463 1023 2506 concutit
1041 2463 1181 2506 omnia
1201 2465 1386 2507 Mavors.

712 2550 749 2582 2.
771 2539 1013 2581 Menwnder
1034 2539 1229 2597 Hydria.

361 2613 459 2656 Seni
477 2611 646 2664 infelici,
667 2627 764 2668 quae
783 2611 970 2654 oblivisci
989 2621 1185 2669 caeperat,

302 2688 370 2729 Ea
389 2695 479 2728 tute
498 2684 860 2728 commemorando
879 2684 1085 2728 renovasti
1106 2684 1215 2726 mala

302 2758 571 2801 Resuscitans
590 2757 807 2801 miseriam.
