1780 3178
430 275 896 320 FLORILEGIUM.
930 279 1036 321 Tm.
1059 282 1127 336 98ὃ

123 386 250 429 Hanc
267 387 396 430 solam
415 387 550 447 legem
570 390 702 443 novit,
722 391 822 434 huie
840 406 884 434 se
903 401 1163 452 attemperat.

120 460 186 502 At
205 460 393 504 homines
408 462 547 505 miseri
564 463 695 506 vitam
712 463 886 508 invitam
906 467 1114 520 ducimus,

122 534 380 593 Opinionum
401 537 508 580 servi
526 538 706 581 inventis
723 539 901 597 legibus.

122 608 292 652 Malum
311 611 489 669 majores
507 622 739 670 nequeunt,
758 624 975 672 nequeunt
993 617 1149 673 posteri

123 682 338 741 Effugere.
390 686 554 728 Praesto
573 700 737 744 semper
755 696 817 730 est
836 689 1035 741 causatio,

628 773 692 816 15.
713 762 965 805 Simonides.

182 833 294 874 Nam
314 848 390 876 nec
410 834 560 877 veteris
579 835 742 877 soboles
761 837 854 887 aevi,

126 906 244 949 Gens
263 907 488 951 semideum
507 919 706 966 generata
724 910 842 962 Deis,

125 979 306 1038 Absque
323 981 501 1038 periclis,
522 983 682 1040 absque
700 983 857 1036 labore,

127 1052 244 1095 Pede
262 1054 503 1112 tranquillo,
524 1056 627 1099 senii
646 1067 801 1100 metam

125 1125 321 1183 Tetigere
336 1127 413 1170 sui.
801 1124 814 1131 ²
844 1149 853 1151 -

691 1206 755 1248 16.
771 1207 902 1249 Idem.

187 1277 227 1319 Ο
246 1287 358 1329 nate,
379 1286 510 1320 metas
529 1279 561 1321 J
564 1280 733 1337 uppiter
749 1295 892 1323 rerum
911 1282 1100 1324 omnium

131 1350 278 1393 Habet
295 1366 422 1408 penes
442 1367 499 1404 se,
520 1367 692 1410 quoque
710 1353 803 1396 vult
821 1355 915 1413 figit
932 1355 1038 1399 loco.

131 1423 259 1473 Mens
277 1424 394 1467 nulla
411 1425 543 1468 nobis.
594 1426 844 1469 Victitamus
861 1428 906 1470 in
926 1428 1037 1471 diem

130 1496 256 1540 Ultro
274 1497 463 1555 citroque
481 1499 742 1553 cursitantes,
762 1500 881 1543 inscii

131 1571 270 1622 Quem
289 1570 442 1628 cuique
460 1572 586 1614 flnem
605 1572 785 1617 destinet
801 1583 938 1618 rector
956 1574 1089 1618 Deu‘s.

133 1645 291 1688 Omnes
307 1645 421 1688 inani
441 1662 535 1704 spes
551 1647 667 1690 fovet
684 1648 840 1691 fiducia

132 1717 207 1761 Nil
224 1729 527 1776 promoventes.
572 1710 693 1764 Alter
712 1731 926 1781 exspectat
943 1723 1054 1766 diem

132 1792 300 1845 Venire,
319 1793 466 1852 longas
483 1795 589 1838 alter
607 1810 813 1839 annorum
831 1797 963 1840 vices:

133 1865 226 1908 Nec
244 1876 321 1918 est,
341 1867 537 1911 futurum
555 1869 630 1927 qui
650 1870 728 1913 sibi
746 1886 833 1913 non
852 1872 1055 1929 spondeat

134 1940 167 1982 J
168 1955 297 1983 anum
316 1942 527 1986 faventem
545 1945 671 2002 eopia·
682 1954 725 1988 et
742 1946 941 2003 pecuniis.

137 2014 223 2057 Sed
242 2023 341 2057 vota
358 2017 547 2059 nondum
567 2028 809 2062 consecutos
823 2030 1001 2078 occupat

135 2090 286 2133 Tristis
305 2101 509 2144 senectia,
530 2092 635 2135 acris
653 2102 729 2136 aut
747 2094 883 2136 morbi
901 2094 992 2137 lues

138 2166 360 2208 Consumit
378 2174 507 2218 artus,
529 2181 665 2209 saevus
683 2175 759 2210 aut
779 2167 934 2210 Martis
951 2169 1072 2210 furor

139 2237 279 2284 Mittit
296 2247 534 2296 peremptos
553 2240 632 2282 sub
652 2240 826 2283 domum
847 2241 1103 2283 Plutoniam.

139 2311 230 2353 Aut
248 2310 352 2353 dum
371 2310 565 2368 procellae
583 2312 761 2354 vortices
778 2313 821 2354 vi
840 2313 1056 2365 suscitant,

140 2385 368 2442 Neptimus
385 2384 471 2427 alto
490 2386 630 2428 sorbet
647 2401 865 2444 oppressos
885 2386 987 2439 salo,

143 2459 255 2501 Cum
275 2458 512 2501 terminavit
532 2461 668 2502 Parca
685 2459 854 2503 vivendi
873 2460 1094 2502 ambitum.

144 2533 255 2575 Sunt
272 2532 347 2590 qui
365 2532 586 2576 micantem
605 2533 804 2576 deserunt
821 2533 935 2577 ultro
949 2534 1076 2586 diem,

146 2604 320 2662 Sibique
338 2605 451 2648 nodo
470 2606 640 2664 spiritus
658 2606 863 2650 claudunt
879 2607 1006 2650 viam.

145 2678 222 2721 Nss
239 2693 267 2720 a
285 2678 405 2721 malis
422 2679 620 2723 immune.
672 2680 758 2723 Sed
776 2681 1014 2725 mortalium

147 2740 346 2809 Subjecta
362 2752 498 2795 fertur
515 2753 628 2796 mille
647 2770 736 2797 sors
748 2754 1022 2798 incommodis

148 2826 209 2867 Et
228 2824 341 2868 mille
359 2825 532 2867 damnis.
585 2827 630 2869 Si
650 2827 751 2869 mihi
772 2827 877 2869 fides
895 2827 1020 2875 foret,

1373 292 1456 338 237
