1780 3178
503 289 968 335 FLORILEGIUM.
998 289 1099 332 Trr.
1117 303 1185 347 91.
1419 298 1501 343 219

170 409 361 450 Fortuna
377 404 494 448 dives
512 403 631 447 addit
651 412 695 446 et
714 402 843 446 servis
860 401 1011 444 decus:

150 481 235 522 'At
253 478 383 521 libero
401 476 516 535 inopi
534 475 652 519 nulla
669 475 733 518 vis
751 484 827 518 aut
844 474 981 533 gratia
998 483 1072 517 est.

159 560 191 593 *g
205 555 302 596 Hoc
321 560 363 596 te
379 552 553 594 beatum
573 550 695 593 crede
713 549 830 606 quod
848 564 938 592 rem
956 548 1154 607 possides.

660 637 727 669 21.
746 624 864 666 Idem
882 624 1020 666 AEoh.

230 699 299 740 Ne
317 697 469 740 decora
485 698 637 756 gentis,
657 713 734 755 per
754 698 870 739 Deos
888 711 977 748 oro,
998 705 1133 754 pater,
1178 699 1182 704 ’
1321 741 1332 751 ‚

175 771 289 814 Mihi
307 786 441 829 usque
454 771 598 829 jactes.
649 771 785 813 Omne
804 769 850 811 id
867 769 913 811 in
930 769 1113 812 nummis
1133 769 1256 812 situm
1279 782 1341 815 est

177 848 294 899 Quos
314 846 440 888 turbo
459 852 611 888 versat.
661 843 748 886 Hic
766 843 916 885 habet:
949 843 1066 885 deest
1083 843 1202 886 alteri
1218 861 1228 886 :

178 919 423 962 Promiscua
441 927 504 961 est
524 933 610 960 sors
628 917 729 960 ista:
763 916 835 960 sed
854 917 976 974 cujus
994 916 1120 960 domo

179 992 441 1051 Longissime
459 991 604 1043 haeret,
625 991 808 1034 nobilem
826 991 941 1032 hunc
960 1006 1104 1034 omnes
1121 1001 1281 1035 vocant.

613 1077 680 1110 22.
700 1065 819 1107 Idem
837 1065 1082 1107 Erechtheo.

240 1141 328 1183 Fac
347 1139 507 1197 aliquid
525 1138 691 1181 habeas.
743 1138 852 1180 Inde
870 1138 1063 1181 nobilitas
1081 1139 1196 1182 venit

183 1215 245 1256 Et
263 1213 507 1271 nuptiarum
525 1212 645 1270 copia
664 1211 940 1269 optimatium.
1087 1250 1089 1252 ,

185 1289 251 1330 At
268 1302 443 1346 pauper,
463 1285 573 1328 adsit
591 1285 821 1343 quamlibet
840 1285 1054 1343 sapientia,

186 1363 354 1419 Expers
371 1359 711 1403 honorisnomen
728 1359 857 1401 habet
874 1358 1112 1416 inglorium.

648 1445 713 1489 23.
736 1432 855 1474 Idem
875 1432 1063 1474 Hecuba.

247 1507 313 1549 At
331 1521 469 1548 nonne
488 1505 620 1548 cernis
638 1505 781 1547 inclita
799 1504 927 1562 stirpe
946 1504 1079 1548 editos

195 1579 241 1622 Si
259 1587 567 1637 pauperescunt
585 1577 814 1621 claritatem
833 1578 1044 1620 amittere:

193 1656 258 1696 At
276 1662 388 1706 ante,
408 1652 510 1695 viles
528 1652 654 1695 rebus
673 1651 1007 1710 augescentibus,

195 1726 485 1785 opulentitate
503 1740 743 1783 comparare
761 1724 956 1783 gloriam.

178 1802 280 1843 ‘Per
298 1800 474 1843 liberam
493 1799 690 1857 conjugia
707 1808 751 1841 et
768 1799 940 1841 innexas
955 1798 1125 1841 domos?

196 1873 363 1915 Deinde
381 1873 520 1915 cuncti
539 1887 624 1915 non
643 1872 786 1930 probis
805 1872 878 1915 sed
897 1871 1056 1915 ditibus

199 1947 370 1988 Donare
389 1945 564 1997 malunt,
585 1960 714 2002 quam
731 1945 874 2002 probis
893 1953 935 1987 et
953 1945 1184 2002 egentibus.

199 2019 322 2062 Dites
337 2018 470 2061 beati:
504 2032 739 2076 pauperum
757 2016 902 2060 infelix
920 2032 1065 2074 genus.

632 2103 697 2144 24.
721 2090 839 2132 Idem
861 2090 1097 2132 Palamede.

261 2163 554 2221 Quodcunque
570 2163 753 2206 fortunae
771 2154 902 2214 aliud,
923 2163 1231 2219 Agamemnon,
1252 2163 1391 2218 datur,

206 2238 352 2280 Habet
371 2236 606 2295 querelam:
639 2236 713 2278 sed
731 2236 776 2278 in
794 2251 895 2293 opes
914 2235 1020 2279 solas
1038 2236 1121 2278 coit

208 2312 356 2353 Genus
373 2324 495 2352 omne
514 2307 712 2351 laudum:
745 2316 837 2350 tum
855 2308 1011 2365 quibus
1029 2309 1171 2350 Musae
1184 2308 1363 2366 placent,

207 2384 320 2426 Tum
341 2398 442 2425 cura
460 2381 616 2439 quibus
635 2390 697 2424 est
715 2381 809 2433 alia,
825 2396 998 2423 nummo
1017 2396 1160 2424 omnes
1181 2382 1362 2425 student.

211 2458 306 2508 Quo
324 2456 422 2514 plus
439 2456 567 2498 habet
586 2455 681 2513 quis
698 2455 778 2497 hoc
796 2454 977 2497 habetur
995 2454 1168 2496 doctior.

604 2538 630 2569 2
630 2539 671 2580 5.
693 2526 910 2567 Hesiodus
933 2526 1150 2582 Operibus.

271 2600 512 2656 Argentum
530 2596 688 2640 miseris
706 2596 951 2639 mortalibus
969 2597 1099 2640 altera
1116 2597 1203 2640 vita
1222 2606 1307 2640 est.>

716 2670 786 2714 26.
813 2670 1040 2729 Magnis.

219 2747 326 2788 Haec
345 2744 432 2788 duo
450 2745 532 2787 fine
550 2752 704 2795 carent,
726 2752 875 2802 sapere
888 2752 930 2786 et
950 2743 1158 2787 ditescere.
1210 2746 1320 2789 Nam
1341 2761 1415 2789 nec

649 2850 663 2871 κ
678 2843 774 2875 Refer
788 2843 829 2874 ad
843 2842 911 2874 Tit.
929 2842 1115 2915 LXXXXLI.
