1780 3178
382 311 461 355 132
788 298 1042 343 IOANNIS
1074 292 1312 341 s'rossffl
1371 334 1373 337 Α

380 406 658 462 Laurumque
677 413 719 447 et
738 404 966 450 hederam:
995 404 1112 461 quod
1132 404 1166 446 si
1184 404 1371 457 insevero
1389 402 1612 452 hordeum,-

382 479 669 522 Tantumdem
690 488 835 522 exacte
852 478 992 521 reddit
1010 484 1218 535 'quantum
1237 486 1461 535 acceperat.

901 554 940 594 6.
964 552 1194 594 Philemon.

438 630 559 686 Ager
577 627 679 669 mihi
697 627 827 670 instar
846 626 997 669 med-ici
1016 634 1100 668 est:
1132 626 1193 668 ita
1210 641 1277 668 me
1296 625 1501 683 perpetim

383 702 476 744 Alit
495 716 647 743 severae
666 700 759 758 lege
777 698 1054 758 parsimoniae,
1226 740 1228 743 ,

381 776 571 817 Tenuem
591 774 863 832 suppeditans
882 773 1064 830 frugem,
1085 772 1174 814 villi
1190 771 1411 815 tantulum

384 848 508 900 Quod
529 847 647 890 odori
667 855 730 890 sat
750 847 817 899 sit,
838 845 1077 904 pauxillum
1095 845 1232 897 oleris,
1254 854 1451 887 caeterum

385 923 522 965 Siccas
542 923 670 980 dapes
690 931 732 964 et
750 921 976 979 rupicosas,
997 919 1224 977 capparim,

382 996 599 1054 Thymum
618 1004 747 1053 atque
765 1009 1030 1052 asparagum,
1051 993 1142 1036 haec
1161 993 1270 1036 sola:
1302 993 1426 1051 proin
1439 1001 1582 1036 metuo
1597 991 1719 1048 nimis

385 1071 453 1112 Ne
472 1086 539 1112 me
557 1069 830 1112 excarnificet
840 1068 990 1111 misera
1008 1067 1139 1110 macie
1157 1067 1382 1125 perditum

924 1155 962 1198 7.
985 1144 1179 1185 Incertus

445 1219 541 1259 Rus
560 1216 835 1274 egosollicite
850 1231 967 1268 c-uro,
985 1231 1070 1258 non
1089 1231 1156 1258 me
1177 1224 1227 1258 ut
1243 1216 1418 1267 nutriat,

389 1290 472 1332 Sed
492 1290 631 1347 ipsum
652 1299 701 1331 ut
720 1305 746 1331 a
765 1304 832 1330 me
851 1288 1065 1331 nutriatur
1084 1288 1255 1330 affatim.

388 1363 525 1405 Fodio
545 1378 720 1420 seroque
740 1377 902 1420 semper
921 1371 964 1404 et
982 1361 1043 1403 nil
1063 1376 1149 1403 non
1167 1377 1262 1419 ago,

388 1438 453 1478 Ut
472 1436 579 1478 ratio
597 1435 767 1494 expensi
787 1445 830 1478 et
848 1435 1007 1492 accepti
1027 1434 1299 1492 respondeat:

391 1509 474 1551 Sed
493 1509 585 1560 iste,
605 1523 732 1566 quem
749 1507 846 1560 emi,
868 1504 1141 1549 conturbator
1160 1515 1222 1549 est
1242 1519 1356 1564 ager,

390 1585 527 1636 Quem
547 1599 644 1626 cum
664 1583 884 1625 medimnis
903 1582 1050 1625 hordei
1067 1582 1322 1626 conseverim

389 1656 566 1713 Viginti,
586 1656 658 1698 vix
678 1656 785 1698 mihi·
799 1655 869 1698 ill'e
889 1655 1087 1697 tredecim
1107 1654 1314 1696 reddidit}

318 1759 320 1761 -
392 1731 605 1773 Bellatum
623 1731 679 1773 ad
699 1731 876 1774 Thebas
891 1730 1005 1794 aliosx
1013 1739 1171 1788 septem
1189 1732 1270 1772 isse
1288 1729 1480 1772 arbitror.

395 1805 569 1846 Servare
590 1803 855 1861 sepulchrum
872 1803 992 1860 jusso
1010 1818 1078 1844 me
1098 1802 1366 1844 Niobeidum.

395 1877 451 1918 B.
472 1875 570 1918 Erit
589 1875 896 1932 adjumentum,
917 1889 1050 1931 spero.
1082 1874 1133 1915 A.
1157 1874 1254 1914 Imo
1267 1873 1327 1915 ita
1340 1888 1453 1916 nunc
1468 1872 1726 1919 herculeest.

395 1949 506 1992 Nam
526 1947 642 2005 quod
661 1948 758 2000 fert,
779 1962 865 1990 uno
883 1947 984 1989 ferri
996 1947 1192 2004 jumento
1209 1954 1358 2003 potest.
1656 1963 1657 1966 ¹

766 2020 804 2061 8.
826 2020 1045 2062 Philemon
1065 2020 1358 2077 Suffosititio.

454 2093 655 2151 Agricola
675 2109 837 2151 semper
856 2093 972 2137 dives
991 2109 1148 2136 annum
1168 2093 1211 2135 in
1231 2093 1469 2150 proximum
1489 2102 1561 2137 est.

906 2182 944 2224 9.
973 2168 1221 2209 Menander.

456 2241 646 2284 Mixtum
666 2249 728 2283 est
746 2255 888 2283 amaro
907 2240 1031 2283 dulce
1047 2241 1092 2282 in
1111 2240 1199 2283 vita
1215 2241 1382 2283 rustica„

788 2350 1113 2425 ‘TITULUS
1146 2376 1337 2426 [ΜΠ.

826 2474 902 2513 DE
930 2476 1056 2514 VITA
1090 2476 1306 2517 QUIETA.

812 2574 847 2602 1.
868 2562 1105 2619 Euripides
1124 2562 1321 2620 Απιὶῳα.

459 2636 598 2677 Vitam
617 2634 790 2676 otiosam
809 2634 883 2691 qui
903 2643 1039 2692 potest
1059 2635 1289 2688 traducere,

404 2709 633 2766 Negotium
652 2708 685 2750 si
704 2708 871 2766 quaerit,
892 2708 1009 2769 haud
1028 2717 1138 2752 recte
1158 2710 1276 2767 sapit.

759 2834 773 2856 f
782 2836 913 2868 Poterat
926 2836 1081 2878 conjungi
1093 2847 1169 2869 cum
1183 2837 1253 2870 Tit.
1264 2839 1376 2870 XXX.
