1780 3178
438 277 901 321 FLORILEGIUM.
934 278 1040 320 Tu.
1062 255 1142 333 87(
1365 290 1446 321 211

604 403 646 443 4.
666 390 967 447 spic-hamus.

174 465 249 508 Ah
270 480 416 508 enecas
430 479 513 516 me,
533 474 678 506 mater.
729 464 798 506 Ne
817 463 940 507 toties
957 478 1093 521 genus

117 539 424 589 Commemora,
444 552 599 594 quaeso.
636 537 749 579 Nam
767 536 844 593 qui
862 545 1025 579 naturae
1041 535 1163 579 bonis
1222 583 1226 586 ,

116 610 338 668 Propriam
357 610 579 668 desperant
599 609 792 667 indipisci
810 608 1002 667 gloriam,

115 683 261 725 Isthuc
278 682 555 741 confugiunt:
587 690 786 739 repetunt
803 683 1011 740 majorum
1031 686 1153 726 suum

117 756 421 806 Monumenta;
453 764 559 813 quot
577 764 677 798 sunt
696 755 887 813 stirpitus
906 766 1130 799 numerant
1148 772 1264 799 avos.

117 829 348 872 Enimvero
366 829 578 871 hominem
597 829 870 886 nuncupassis
888 828 1111 881 neminem,

117 902 200 944 Avi
219 903 321 959 quoi
339 917 425 945 non
444 901 537 945 sint.
588 903 631 944 N
633 917 701 944 am
722 901 837 944 unde
855 902 1051 960 prognati
1070 902 1232 944 forent?

118 978 184 1018 At
202 975 277 1033 qui
295 991 460 1018 censere
478 975 557 1018 hos
575 983 786 1032 nequeant
804 983 1017 1017 mutatum
1035 975 1091 1018 ob
1111 975 1247 1018 solum

119 1046 350 1090 Generisve
367 1046 690 1092 internecionem
708 1056 752 1089 et
771 1045 1054 1099 solitudinem,

118 1122 240 1163 Eone
259 1119 525 1178 ignobiliores
544 1120 628 1162 sint
646 1119 936 1162 censentibus?

511 1202 552 1249 5.
572 1194 813 1251 Euripides
831 1194 1070 1252 Meleagro.

177 1266 281 1308 Duo
299 1276 412 1318 sunt,
432 1264 571 1323 parari
590 1279 727 1307 merce
746 1280 844 1321 quoe
863 1264 982 1307 nulla
999 1273 1178 1322 queunt,

122 1338 316 1381 Probitas
335 1346 377 1380 et
396 1337 561 1380 animus
579 1337 711 1379 fortis.
758 1337 923 1394 Ignavo
941 1352 1114 1394 quoque

120 1412 194 1454 Ex
213 1409 367 1453 semine
385 1409 519 1452 oritur
539 1425 650 1467 saepe
669 1424 895 1466 generosus
914 1425 1033 1467 puer.

571 1483 611 1524 6.
632 1482 853 1540 Sfflhocloe
872 1483 1013 1539 Ajace.

179 1556 280 1598 Non
297 1555 589 1612 obstupescam
605 1554 642 1596 si
661 1554 767 1611 quid
785 1554 886 1596 olim
904 1554 950 1597 in
967 1563 1183 1613 posterum

120 1629 353 1687 Ignobilem
371 1637 469 1671 ortu
488 1628 633 1671 videro
652 1628 912 1686 delinquere,

120 1702 303 1754 Quando
321 1701 381 1754 hi,
402 1701 599 1744 videntur
618 1711 728 1744 sorte
745 1702 821 1759 qui
840 1700 1044 1744 natalium

122 1777 343 1827 Praestare,
362 1775 492 1818 fando
511 1775 611 1818 talia
627 1774 858 1817 admittunt
877 1774 999 1816 mala.

610 1859 649 1903 7.
672 1848 974 1906 Ispickm‘mus.

120 1923 123 1926 ’
179 1920 201 1950 d
214 1921 347 1963 Nulla
365 1929 428 1963 est
446 1921 489 1962 in
509 1921 612 1964 orbe
630 1929 744 1963 certa
763 1929 968 1963 terrarum
988 1919 1127 1977 plaga,

123 1997 231 2048 Quae
249 1996 397 2054 gignat
415 2011 558 2038 omnes
576 2004 652 2038 aut
670 1995 825 2053 probos
843 2003 919 2036 aut
935 1994 1160 2052 improbos.

640 2069 679 2110 8.
699 2068 950 2125 Euripides.

182 2143 270 2185 Sua
287 2150 350 2184 est
367 2141 607 2184 hominibus
626 2140 786 2184 indoles
805 2156 884 2198 pro
898 2141 1044 2198 patria.

599 2230 643 2272 9.
663 2215 779 2256 Idem
797 2214 987 2256 Electra.

179 2290 245 2330 At
263 2287 421 2330 nobiles
442 2297 540 2330 sunt
557 2302 724 2344 nempe.
777 2286 860 2328 Sed
881 2285 1010 2327 fallax
1033 2293 1133 2327 nota
1150 2293 1235 2328 est:

124 2360 258 2403 Multi
276 2361 388 2403 bono
406 2369 505 2403 ortu
523 2375 608 2402 non
627 2358 748 2402 bonis
766 2367 866 2401 sunt
884 2357 1082 2400 moribus.

664 2444 730 2473 10.
752 2431 923 2473 Ibidem.

183 2505 283 2548 Vidi
302 2505 445 2549 inclito
463 2521 516 2548 ex
535 2499 734 2563 genitore*
743 2504 901 2547 nullius
919 2505 1028 2561 preti

126 2578 309 2629 Prolem,
330 2586 373 2620 et
390 2577 574 2636 parentis
592 2576 773 2634 improbi
793 2575 978 2618 sobolem
997 2576 1183 2633 probam.

535 2664 600 2693 11.
622 2651 839 2692 Homerus
861 2649 1058 2706 Odyssea.

183 2724 325 2765 Rarus
345 2722 524 2780 quisque
543 2731 661 2780 patre
681 2731 744 2764 est
762 2721 921 2773 melior,
941 2736 1039 2778 pars
1058 2719 1239 2778 plurima
1258 2719 1388 2778 pejor.

577 2808 592 2828 ¹¹
609 2809 706 2840 Refer
720 2809 761 2840 ad
775 2807 843 2839 Tit.
858 2807 1023 2840 XXXIX.

799 2879 821 2906 1’
846 2877 869 2907 2
