1780 3178
333 247 414 290 188
730 251 991 293 IOANNIS
1023 251 1268 294 STOBAEI

330 355 545 412 Quicquid
565 371 648 398 non
669 365 780 398 recte
799 357 875 399 scit
894 357 1080 409 foemina,
1101 373 1290 415 quaerere
1309 357 1406 399 noli.

332 428 406 471 Sin
428 439 468 471 te
487 429 703 472 consiliam
723 430 873 472 sociam
895 430 996 472 velit
1015 446 1103 472 esse
1123 446 1311 482 suorum,

331 501 397 544 Sis
416 518 538 545 voces
558 503 704 545 audire
724 502 846 554 celer,
869 503 942 544 sed
961 503 1136 545 reddere
1156 503 1278 545 tarda

328 575 500 632 Dispice
520 574 769 617 cunctando.
820 574 941 617 Nihil
960 574 1078 617 illum
1100 576 1266 618 hortere
1285 592 1460 635 rogesve

328 648 523 691 Arbitrio
541 647 687 690 fecisse
707 657 804 690 tuo:
837 664 903 690 res
921 648 1047 705 plena
1064 649 1209 706 pericli
1229 659 1302 691 est.

329 723 436 774 Quae
455 722 578 780 sapit,
599 722 672 764 illa
692 721 790 763 satis
808 721 966 779 primos
984 721 1062 764 sibi
1081 722 1223 765 credat
1243 738 1419 774 amores,

328 797 419 838 Nec
439 795 540 838 velit
559 811 748 853 unquam
769 795 900 837 oculis
920 795 1096 853 spectari
1116 795 1234 838 nuda
1253 796 1457 838 secundis.

330 869 374 913 Si
394 869 536 912 videas
555 885 726 928 peccare
745 869 898 919 virum,
919 869 1005 918 fen
1044 869 1169 924 (ferre
1188 885 1352 912 necesse
1372 871 1454 925 est)

326 946 388 987 Et
407 944 581 987 tacitum
602 943 703 996 cela,
725 944 906 986 multum
928 943 1025 986 licet
1044 944 1182 996 anxia,
1204 944 1371 986 vulnus.

326 1019 501 1060 Pectore
521 1017 654 1060 conde
674 1016 847 1059 malum.
899 1016 1013 1068 Quid
1033 1025 1145 1074 agat,
1167 1017 1341 1074 vulgare
1360 1027 1519 1070 caveto,

324 1091 401 1133 Vir
421 1100 535 1143 tuus,
556 1091 685 1148 idque
704 1090 816 1148 ipsos
835 1089 955 1132 malis
974 1090 1131 1132 nescire
1150 1100 1354 1148 parentes.

323 1166 422 1223 Ipsa
437 1180 560 1207 mone
579 1173 800 1216 errantem,
822 1164 895 1206 sed
913 1180 1009 1207 cum
1029 1164 1269 1206 mollissima
1287 1165 1405 1207 fandi

325 1240 550 1296 Tempora.
606 1240 727 1296 Saepe
745 1235 878 1281 bonos
897 1238 1064 1281 irritant
1084 1255 1232 1296 aspera
1249 1239 1394 1291 verba,

322 1314 383 1355 Et
403 1313 533 1355 duros
552 1313 736 1355 mulcere
755 1313 882 1354 datur
902 1327 1090 1354 sermone
1108 1312 1303 1370 benigno.

325 1387 368 1429 Si
388 1387 529 1429 flectat
548 1385 689 1444 pravis
709 1386 894 1443 conjunx
906 1391 1016 1428 'tuus
1038 1401 1138 1428 usus
1156 1386 1298 1428 amicis

320 1463 371 1504 In
390 1476 573 1518 pravum
592 1476 741 1512 mores,
763 1469 812 1502 tu
832 1476 885 1502 ne
906 1476 994 1502 sere
1006 1460 1153 1518 jurgia
1171 1469 1340 1503 contra:

321 1537 444 1593 Ipsos
463 1535 572 1578 inter
592 1550 634 1576 se
653 1534 795 1591 potius
814 1533 1027 1576 committe
1048 1533 1231 1576 sodales:

318 1611 409 1653 Nec
428 1609 505 1652 tibi
525 1609 558 1651 si
579 1609 726 1666 sapias,
748 1608 990 1650 morbosum
1010 1608 1260 1665 abrumpere
1279 1607 1420 1649 foedus
1436 1625 1445 1649 :

319 1685 468 1741 Atque
487 1684 541 1726 ad
561 1683 762 1725 amicitias
779 1682 962 1740 potiores
980 1690 1141 1724 vertere
1161 1694 1357 1733 mentem,

318 1760 490 1801 Durum
511 1758 626 1800 adeo.
680 1757 784 1808 Quis
803 1766 951 1814 sponte
970 1756 1090 1798 malis
1108 1756 1278 1799 laetetur
1296 1756 1463 1799 amicis?

320 1832 512 1874 Mendax
533 1831 640 1874 absit
659 1846 787 1873 amor.
840 1832 913 1872 Tu
934 1846 1043 1888 puro
1062 1830 1187 1873 corde
1206 1830 1403 1873 maritum

319 1907 473 1965 Dilige.
524 1907 637 1949 Tum
657 1915 828 1964 quantae
849 1906 924 1948 tibi
945 1905 1028 1948 sint
1047 1900 1320 1963 sua.pignora
1337 1922 1450 1949 curae

318 1981 559 2039 Conspiciat
578 1981 787 2039 conjunx:
819 1996 896 2023 nec
916 1981 995 2023 erit
1014 1989 1100 2023 tam
1119 1981 1294 2032 ferreus,
1316 1990 1365 2023 ut
1384 1997 1467 2024 non

316 2057 378 2098 Et
396 2065 610 2098 constante
630 2055 713 2097 fide
733 2065 775 2097 et
796 2055 934 2098 stabili
954 2064 1153 2113 tangatur
1174 2071 1325 2098 amore.

317 2131 426 2171 Haec
446 2144 616 2186 quoque
637 2128 732 2181 sint,
749 2128 884 2186 virgo,
906 2128 1079 2170 memori
1099 2128 1176 2170 tibi
1195 2136 1334 2170 mente
1353 2137 1530 2186 reposta.

316 2203 406 2244 Nec
425 2201 554 2243 nimia
572 2201 616 2243 in
636 2201 782 2253 risum,
804 2200 912 2243 tristi
931 2216 1007 2243 nec
1027 2200 1174 2243 nubila
1191 2200 1328 2253 vultu,

316 2276 415 2318 Otia
433 2275 668 2332 defugienS‚
685 2275 921 2317 moderatos
940 2289 1058 2317 sume
1075 2275 1249 2318 labores.

313 2350 404 2391 Nec
421 2349 530 2390 duro
548 2348 724 2406 imperio
742 2348 923 2390 famulos
941 2364 1100 2406 preme,
1120 2363 1195 2390 nec
1215 2357 1353 2390 tamen
1373 2348 1454 2391 illis

315 2425 382 2465 Te
402 2422 566 2465 dederis
585 2422 774 2464 facilem:
806 2430 924 2480 patet
943 2421 1205 2480 indulgentia
1219 2422 1404 2464 damnis:

315 2499 491 2539 Securos
510 2496 702 2539 dominos
722 2505 860 2539 metus
879 2505 921 2538 et
939 2495 1171 2538 reverentia
1190 2505 1401 2554 praestant.

313 2572 524 2613 Externas
538 2571 641 2628 fuge
659 2570 874 2621 amicitias,
894 2570 972 2612 nisi
991 2570 1160 2628 cognita
1177 2585 1359 2627 quorum

315 2644 408 2686 Sint
429 2643 565 2686 studia
587 2652 630 2685 et
649 2658 784 2685 mores
803 2652 845 2685 et
865 2643 963 2685 vitae
982 2643 1112 2685 totius
1130 2642 1251 2685 ordo.

254 2706 257 2709 Δ
313 2719 511 2775 Improba
528 2734 625 2774 quae
646 2717 699 2760 sit
717 2732 837 2768 anus,
859 2716 1006 2759 subeat
1026 2725 1100 2758 tua
1118 2724 1413 2758 tectawveto:

315 2794 481 2835 Stantes
501 2807 610 2849 saepe
630 2792 777 2834 domos
796 2790 921 2834 vertit
939 2790 1178 2833 malesuada
1197 2800 1413 2833 senectus.r
