1780 3178
318 302 336 331 1
347 294 399 340 1'4
743 271 1004 321 IOANNIS
1038 267 1275 316 STOBAEI

315 401 425 442 Nam
448 410 522 438 rex
543 392 697 436 amieos
715 387 916 448 pessimos
935 382 1089 442 quaerit
1109 380 1202 431 sibi,

318 475 460 514 Bonos
479 481 653 527 perosus
672 462 818 513 mortis
837 461 893 503 ob
911 456 1191 501 formidinem.

820 548 861 590 3.
884 532 1003 574 Idem
1023 529 1161 587 Auge.

377 621 529 664 Pereat
548 615 753 674 profecto,
774 599 967 668 quisquis
987 612 1063 647 aut
1082 614 1260 659 regnum
1281 595 1457 655 appetit,

320 696 411 737 Aut
430 691 640 734 civitatem
661 685 791 730 tradit
808 683 854 725 in
872 694 1028 739 paucas
1047 689 1207 719 manus.

323 769 387 810 At
408 765 530 807 dulce
551 758 835 804 nomen‘alma
852 754 1024 796 libertas
1041 747 1145 791 mihi
1160 763 1171 790 ι

325 842 438 883 Nam
460 837 639 896 quisque
657 831 877 875 minimum
897 822 1015 884 quod
1033 823 1176 873 habet,
1197 819 1278 861 hoc
1297 813 1439 873 magni
1457 810 1570 856 facit.
1628 818 1645 834 *¹
1684 820 1687 822 ’

803 914 844 955 4.
867 900 985 942 Idem
1002 897 1189 945 Electra.
1475 898 1477 901 ⁴
1623 912 1626 916 -
1664 880 1708 913 Γ)

387 991 401 1015 t
412 984 580 1028 Multos
599 986 785 1023 amantes
804 984 846 1018 et
865 972 1064 1032 petitores
1085 967 1150 1012 sui
1211 987 1213 989 >

330 1060 477 1103 Habet
495 1064 702 1116 potestas:
734 1066 821 1109 quo
840 1046 1022 1092 tenenda
1040 1051 1103 1087 est
1118 1041 1266 1085 acrius.

725 1138 766 1182 5.
788 1116 1027 1179 Euripide-s
1047 1117 1295 1174 Antalgvna.¹

391 1205 569 1249 Utinam
588 1213 665 1244 nec
684 1199 773 1242 ulla
790 1193 968 1254 imperia
987 1207 1063 1234 nec
1082 1190 1197 1247 leges
1215 1187 1364 1229 forent.

337 1282 534 1338 Regnare
553 1275 660 1318 velle
678 1272 863 1316 maxima
881 1264 1167 1325 imprudentia
1183 1257 1260 1313 est,

338 1356 449 1397 Nam
470 1367 546 1396 cur
563 1348 737 1393 habebit
755 1356 867 1388 unus
885 1340 1110 1399 imperium
1128 1337 1174 1379 in
1192 1336 1338 1394 pares?

794 1420 834 1461 6.
857 1417 976 1459 Idem
995 1406 1234 1457 Alemone.
1271 1425 1274 1428 ·
1298 1439 1302 1442 »

401 1503 503 1544 Heu
523 1512 677 1556 magna
694 1492 857 1552 magnis
878 1498 977 1534 sunt
995 1486 1115 1531 malis
1134 1482 1327 1533 obnoxia.

825 1578 863 1622 7.
886 1565 1005 1607 Idem
1025 1561 1198 1604 Peliasi.

403 1647 540 1691 Exlex
560 1636 747 1704 potestus
763 1641 858 1691 ista,
879 1652 1008 1696 quam
1027 1634 1158 1691 vulgo
1177 1639 1361 1689 stupent,

348 1722 421 1766 Nil
443 1720 558 1763 aliud
579 1726 642 1761 est
656 1730 786 1775 quam
806 1709 1028 1771 splendida
1045 1705 1276 1750 infelicitas.

350 1797 461 1838 Nam
477 1792 551 1850 qui
573 1803 746 1833 suorum
766 1793 829 1828 est
847 1784 937 1842 ipse
956 1779 1103 1840 praedo
1122 1786 1165 1820 et
1182 1774 1383 1824 carnifex,

352 1867 597 1911 Molitiones
615 1876 778 1920 semper
797 1853 1126 1901 aliorumti'met.

773 1934 816 1976 8.
838 1928 1080 1995 Menander
1099 1922 1270 1981 Aspide.

759 2002 896 2062 Reges
914 2019 942 2046 o
959 1996 1189 2044 miserrimi.

356 2091 469 2132 Nam
489 2085 592 2144 quid
608 2072 871 2142 praecipuum
891 2075 1061 2124 tandem
1079 2071 1253 2114 habent!
1285 2065 1412 2124 etque
1431 2061 1597 2107 interim

359 2165 498 2215 Quam
517 2159 648 2202 vitam
667 2156 831 2198 ducunt
845 2149 1033 2209 anxiam,
1052 2142 1254 2189 custodiis
1583 2132 1588 2136 ’
1613 2131 1617 2135 ’
1668 2132 1673 2134 ’

361 2236 479 2294 Septi
500 2232 782 2288 undequaque
803 2215 1135 2268 et'munimentis
1153 2215 1338 2260 arcium?

361 2312 473 2353 Nam
494 2307 569 2365 qui
588 2315 675 2348 tam
694 2301 815 2345 facile
836 2297 1101 2355 suspicantur
1118 2287 1307 2347 singulos
1341 2298 1344 2301 '

364 2383 441 2426 Ad
461 2396 547 2423 sese
567 2385 749 2421 armatos
766 2371 952 2431 pugione
971 2366 1180 2415 accedere,
1219 2373 1221 2375 ’
1241 2415 1244 2418 ’

368 2454 584 2514 Supplicia
602 2450 796 2511 pendunt
816 2435 993 2504 quanta!
1036 2467 1073 2473 -r-
1125 2441 1127 2443 ’
1181 2449 1184 2452 ’

881 2528 921 2576 9.
943 2514 1194 2572 Diony-sim.

428 2598 672 2646 Dominatio
691 2595 825 2640 omnis
844 2602 978 2635 mater
999 2582 1062 2634 est
1081 2578 1259 2646 injuriae.

765 2659 1073 2723 insophoclee
1096 2657 1314 2716 OEdaeipode.

432 2750 470 2791 Ο
492 2760 670 2805 regnum
689 2755 873 2802 opesque
892 2747 934 2782 et
952 2737 1052 2781 artis
1071 2725 1271 2778 eximium
1290 2725 1433 2779 decus,
1461 2758 1465 2760 -

824 2833 834 2852 ⁸
848 2829 948 2863 Refer
962 2829 1003 2862 ad
1017 2826 1087 2859 Tit.
1102 2822 1262 2857 XLVIII.
