1838 3276
515 282 982 331 FLORILEGIUM.
1015 284 1120 326 Tu.
1141 293 1181 339 5·

711 412 752 456 3.
774 400 979 442 Incertus.

232 477 407 533 Semper
425 471 626 516 modestis
643 470 797 515 assidet
816 470 960 514 divum
980 478 1128 512 metus.

704 557 746 598 4.
769 546 975 587 Incertus.

231 631 245 652 ¹
259 621 488 665 Pecuniam
507 635 561 663 ne
580 620 687 662 fare:
720 618 782 661 nil
802 612 931 660 miror
950 617 1087 659 Deam

173 699 280 749 Quae
299 696 575 755 pessimorum
596 709 706 751 saepe
725 694 774 735 fit
794 685 1008 750 possessio.

709 774 751 822 5.
773 765 981 807 Inc'ertus.
1023 754 1027 757 ’

229 842 333 885 sRei
352 842 558 884 indecorae
578 856 654 883 nec
673 840 826 883 decora
844 838 979 881 oratio
998 846 1071 879 est..

682 906 683 909 ¹
714 913 753 955 6.
776 914 981 955 Incertus.

178 1006 182 1010 ·
232 988 377 1030 tEheu
397 986 555 1029 malum
575 986 683 1028 illud
701 985 841 1028 evenit
859 983 1077 1033 divinitus,

176 1063 287 1103 Cum
307 1060 403 1118 quis
421 1059 537 1102 videt
557 1059 741 1110 meliora,
764 1073 839 1100 nec
860 1056 1051 1114 sequitur
1071 1064 1221 1097 tamen.

693 1143 732 1186 7.
754 1123 1002 1188 Eua-{piche-

230 1206 438 1249 uHomini
457 1204 563 1263 quid
583 1213 645 1247 est
664 1219 843 1255 necesse,
863 1210 1148 1261 praeterquam
1168 1200 1271 1250 duo,

175 1280 346 1324 Cereale
363 1294 534 1338 germen
554 1287 683 1336 atque
702 1277 959 1336 fflpharum
973 1275 1102 1327 latex,

176 1356 283 1407 Quae
303 1362 402 1396 sunt
419 1361 568 1411 parata
586 1366 763 1409 semper,
784 1359 827 1393 et
844 1349 945 1403 vitae
964 1348 1089 1391 satis?

178 1427 264 1471 Sed
282 1442 367 1470 non
386 1437 450 1469 sat
468 1426 576 1469 illud
596 1433 660 1467 sat
679 1424 836 1482 placet:
868 1422 1027 1480 quippe
1046 1420 1162 1464 inciti

176 1502 310 1543 Luxu
329 1500 518 1543 ciborum
537 1499 707 1541 inventa
725 1504 934 1539 sectamur
951 1510 1073 1537 nova.

717 1570 756 1621 8.
777 1560 984 1611 Incertus.

235 1646 393 1689 WMale
411 1644 603 1704 cogitatis
623 1643 786 1686 adsidet
804 1657 962 1684 merces
975 1634 1108 1682 mala:

181 1722 278 1763 Hoc
297 1719 462 1763 talionis
475 1719 575 1776 jure
593 1717 663 1760 lex
683 1715 781 1759 Fati
794 1715 933 1773 jubet.

713 1786 758 1846 ’9.
780 1790 987 1831 Incertus.

240 1866 418 1909 Virtutis
435 1865 571 1908 omnis
588 1862 788 1907 horreum
805 1860 1011 1906 modestia
1028 1868 1102 1903 est.

705 1950 770 1979 10.
791 1938 998 1978 Incertus.

242 2015 454 2059 Modestia
472 2023 536 2057 est
555 2012 760 2056 servanda
778 2009 961 2054 eoenanti
980 2008 1094 2051 foris.
1156 2022 1161 2024 “

630 2118 634 2121 «
706 2097 773 2126 11.
794 2084 1003 2125 Incertus.

243 2162 330 2203 Res
349 2169 411 2203 est
429 2160 557 2202 homo
576 2171 817 2217 peramoena
834 2169 933 2198 cum
951 2168 1050 2196 vere
1068 2160 1131 2194 est
1149 2151 1287 2193 homo.

688 2242 754 2273 12.
774 2228 1016 2285 AEschqllw.

244 2315 266 2336 ¹
280 2306 429 2348 Virfim
448 2306 656 2348 bonorum
675 2312 752 2355 est,
772 2301 948 2359 obsequi
967 2299 1212 2343 rectoribus.

622 2391 688 2435 13.
709 2375 932 2435 Sophocles
949 2374 1089 2431 Ajace.

243 2444 482 2495 J'Humana
499 2460 652 2495 cuncta
670 2450 778 2494 touit
798 2459 841 2491 et
860 2447 1013 2505 mergit
1032 2435 1143 2488 diesi

190 2527 254 2568 At
273 2527 354 2568 Dis
373 2534 579 2568 statutum
599 2533 662 2567 est
679 2522 788 2565 illud
806 2518 1082 2570 immutabile,

190 2600 349 2642 Amare
367 2613 498 2656 puros
517 2596 693 2649 sceleris,
714 2594 850 2638 odisse
868 2591 1092 2650 improbos.

234 2693 246 2709 ¹
264 2688 361 2719 Refer
376 2687 417 2718 ad
430 2687 501 2719 Tit.
516 2687 649 2718 XCIII.
924 2689 945 2704 '¹
960 2682 1059 2714 Refer
1075 2681 1116 2712 ad
1129 2679 1197 2711 Tit.
1210 2679 1256 2710 11.

234 2746 246 2762 ⁸
262 2741 361 2772 Refer
376 2742 417 2772 nd
431 2740 501 2773 Tit.
517 2741 645 2772 xxm.
925 2742 942 2760 ¹
959 2738 1057 2770 Refer
1071 2737 1113 2768 ad
1125 2735 1194 2767 Tit.
1209 2734 1331 2766 XLVI.

240 2798 250 2815 ί
261 2795 360 2826 Refer
374 2795 415 2826 ad
429 2794 497 2826 Tit.
511 2794 642 2826 XVIII.
925 2796 941 2821 Υ
957 2791 1057 2823 Refer
1071 2790 1112 2822 ad
1122 2789 1191 2822 Tit.
1207 2789 1235 2820 1.

238 2854 253 2869 ¹¹
270 2848 367 2880 Refer
383 2849 424 2879 ad
440 2848 509 2880 Tit.
522 2848 649 2880 XCIII.
881 2878 884 2879 γ

828 2919 852 2946 c
867 2916 896 2956 4

1457 291 1508 334 23
