1780 3178
422 258 890 303 FLORILEGIUM.
923 262 1029 305 Τῐϊ.
1048 276 1118 319 30.
1383 264 1435 309 81

656 387 726 431 53.
749 375 881 417 Idem.

154 444 222 486 Ne
241 443 317 487 tibi
337 444 391 487 sit
409 445 578 488 fabrum
597 447 748 504 quavis
765 448 962 492 accedere
980 465 1120 503 causa,

94 517 151 576 Et
170 517 204 559 si
223 533 311 575 quo
331 518 384 561 sit
402 535 510 576 opus
527 537 536 562 :
569 521 837 580 compingere
856 522 969 566 disce
988 524 1146 568 cicutas

95 591 194 649 Ipse
212 591 288 635 tibi
306 593 459 650 potius.
510 595 600 637 Res
617 603 680 638 est
697 595 915 654 facilisque
933 597 1133 656 levisque.

565 681 636 725 54.
658 670 961 726 Efflchwrmue.

150 739 269 791 Plus,
289 740 426 793 amici,
447 757 576 798 quam
596 752 762 795 natura,
782 743 858 786 dat
878 760 980 787 usus
999 755 1128 802 atque
1146 746 1364 790 industria„

483 825 554 871 55.
576 816 814 874 Eumpides
841 818 1034 878 Telepho.

147 885 310 930 ¹Solius
329 887 446 930 haud
466 887 634 946 Ulyssis
652 888 892 946 eloquentia
911 900 1000 933 est:

90 960 278 1003 Hebetes
296 961 473 1004 disertos
491 961 616 1005 efficit
635 963 865 1006 necessitas.

502 1038 573 1092 56.
591 1037 711 1079 Idem
731 1038 1013 1081 Andromeda.

144 1116 178 1138 ¹¹¹
193 1108 266 1151 Nil
285 1109 403 1166 quod
421 1125 586 1152 necesse
604 1119 668 1152 est
686 1111 811 1164 ferre,
831 1112 997 1155 mortali
1016 1113 1173 1170 probro
1191 1124 1266 1156 est.

85 1182 266 1226 Dulcem
285 1183 484 1241 relinquit
503 1185 745 1228 memoriam
765 1195 938 1247 exactus
957 1187 1088 1230 dolor.

486 1320 790 1370 TITULUS
824 1321 993 1370 XXX.

628 1422 704 1460 DE
731 1424 879 1462 0T10.
901 1419 904 1421 “

599 1521 634 1548 1.
657 1508 906 1566 Euripides.

138 1579 390 1637 Quicunque
411 1596 564 1639 magna
583 1582 703 1639 copia
721 1582 875 1625 florens
893 1598 1023 1642 opum

79 1652 244 1695 Domus
262 1655 458 1712 regendae
477 1654 630 1698 deserit
648 1643 896 1709 custodiam,

79 1727 262 1786 Soloque
280 1738 406 1772 cantu
425 1728 585 1787 gaudet
605 1740 648 1773 et
666 1730 815 1773 fidium
840 1746 956 1783 sono,

77 1802 175 1843 Non
196 1802 368 1855 civitati,
384 1819 468 1846 non
488 1803 616 1847 domo
634 1805 806 1863 prodest
826 1820 927 1857 suae,

77 1875 175 1916 Non
194 1874 264 1917 ille
282 1875 434 1918 amicis.
486 1877 584 1935 Ipsa
602 1887 754 1920 natura
773 1878 930 1921 excidit

75 1947 165 1990 Ubi
184 1948 280 2005 quis
298 1949 496 1992 subactus
515 1949 589 2006 dat
608 1950 816 2009 voluptati
836 1967 996 1994 manus.

411 2038 450 2069 2.
473 2025 591 2067 Idem
612 2026 850 2083 Hippobyto
869 2033 1077 2069 coronato.

133 2105 155 2125 ¹¹
168 2097 361 2140 Honesta
380 2097 496 2140 novit
515 2098 697 2156 quisque
717 2113 796 2156 pro
815 2113 902 2141 sese
921 2107 964 2140 et
981 2098 1120 2141 videt:

75 2169 159 2212 Sed
178 2185 262 2212 non
281 2171 487 2224 laborant,
508 2171 619 2215 victa
637 2187 735 2230 pars
754 2171 870 2215 molli
887 2172 987 2223 otio,

71 2243 178 2285 Pars
193 2244 391 2301 quoniam
411 2245 634 2287 honestum
653 2254 750 2302 post
768 2244 1007 2303 voluptates
1027 2245 1193 2288 habent.

71 2315 240 2374 Quippe
258 2317 462 2361 illecebrae
479 2318 674 2376 plurimae
694 2317 824 2360 vitam
842 2317 1050 2370 obsident,

71 2388 294 2447 Colloquia
310 2390 450 2448 longa,
471 2395 514 2434 et
533 2391 657 2434 dulce
676 2391 866 2452 pigrities
885 2390 1055 2433 malum.

542 2477 583 2521 3.
605 2465 721 2506 Idem
741 2465 931 2506 Hecuba.

127 2536 327 2594 Quisquis
346 2537 508 2580 labores
527 2538 637 2581 ferre
655 2553 740 2581 non
760 2537 1001 2590 assueverit,

69 2610 186 2663 Fert,
207 2611 280 2653 sed
299 2611 466 2655 dolente
478 2613 611 2670 jactet
631 2621 680 2655 ut
699 2611 807 2654 collo
818 2611 987 2670 jugum.

69 2737 77 2760 ¹
92 2739 191 2772 Refer
205 2740 246 2771 ad
260 2740 328 2772 Tit.
345 2742 503 2774 XXXIV.
540 2747 565 2764 ¹¹¹
577 2741 676 2774 Refer
689 2742 731 2774 ud
743 2741 813 2774 ‘Bt-
827 2741 956 2774 cvm.
988 2746 1005 2762 ¹¹
1019 2739 1119 2772 Refer
1132 2739 1174 2771 ad
1188 2738 1257 2772 Tit.
1272 2740 1403 2772 xvm.

127 2813 224 2841 v0L.
244 2813 303 2840 lv,
739 2815 767 2842 G
