1780 3178
379 267 462 301 202
783 257 1039 301 IOANNIS
1071 252 1319 302 STOBAEI

689 457 694 462 .
756 410 1074 462 ,TITULUS
1108 411 1324 462 LXXX.

428 517 502 555 DE
529 516 638 555 DIIS
665 516 972 558 MUNDIQUE
997 517 1067 555 Ac
1095 517 1296 557 RERUM
1324 515 1656 557 cAELEs'mUM

867 585 1224 626 COGNITIONE.
1271 608 1277 611 -

753 688 817 730 14.
839 676 1056 719 Hesiodus
1080 676 1339 736 Theogonia.

433 762 453 783 Ζ
466 753 553 795 Ora
571 750 696 794 simul
713 750 840 794 vertit
858 750 1057 809 populus,
1078 765 1175 794 cum
1194 750 1325 795 limste
1343 767 1444 795 vero

374 825 642 884 Ambiguum
662 840 797 867 causae
817 831 942 876 secat,
963 832 1005 867 et
1023 825 1251 868 certamina
1269 841 1424 882 magna

375 898 613 957 Compescit
631 897 770 940 subito
789 897 995 954 sapientia
1007 897 1137 940 verba
1153 898 1356 956 profatus.

373 975 571 1030 Namque
587 971 683 1014 ideo
702 971 860 1014 inventi
879 986 1012 1029 reges,
1034 983 1084 1014 ut
1105 970 1202 1014 sede
1221 972 1358 1015 curuli

375 1046 583 1102 Sublimes
602 1045 710 1089 laesis
727 1053 918 1104 ereptum
935 1045 1259 1104 restituantjus5

373 1119 612 1162 Mulcentes
628 1119 776 1178 populi
795 1118 960 1162 blandis
972 1119 1238 1163 sermonibus
1256 1135 1390 1162 aures.
1464 1127 1469 1130 ’

374 1191 504 1234 Illum
521 1191 656 1235 omnis
674 1192 830 1234 circum
848 1192 1035 1249 populus
1052 1201 1276 1235 veneratur
1295 1200 1488 1234 euntem:

371 1265 558 1308 Tantum
577 1279 692 1308 more
711 1264 794 1307 Dei
813 1259 985 1307 cunctos
1004 1265 1284 1322 supereminet
1301 1275 1423 1308 unus.

738 1439 757 1461 ³
770 1430 1074 1481 TITULUS
1106 1431 1350 1483 LXXXI.

873 1538 951 1576 DE
977 1538 1206 1577 LITERIS.

757 1635 794 1664 1.
816 1622 1048 1680 AEschqllus
1066 1623 1321 1666 Prometheo.

429 1695 542 1748 Quin
562 1694 841 1738 multiformes
859 1694 1097 1753 disciplinas
1114 1695 1270 1738 artium

370 1772 431 1813 Et
450 1770 683 1813 litterarum
703 1769 868 1828 repperi
888 1770 1168 1828 compagines,

370 1845 535 1887 Penum
555 1844 765 1887 memoriae
783 1843 1100 1901 carminumque
1119 1844 1332 1902 originem.

891 1931 932 1964 2.
953 1919 1184 1961 Philemon.

426 1991 573 2034 Oratio
591 1991 717 2034 animi
738 1992 854 2035 sedat
874 1991 1171 2051 aegrimoniam.

924 2067 987 2110 Ib.
1010 2068 1140 2128 Idem.

425 2139 490 2181 Ut
509 2138 729 2196 splenium,
751 2139 783 2181 si
795 2148 915 2182 recte
933 2140 1123 2192 illinitur,
1145 2140 1357 2184 flammeos

368 2208 495 2254 Sedat
514 2220 715 2262 tumores3
747 2211 892 2255 itidem
910 2213 1044 2256 amica
1061 2213 1195 2256 oratio

365 2286 655 2342 Attemperata
672 2284 820 2327 leniter
837 2285 1080 2343 praecordiis

365 2356 569 2399 Restituit
586 2356 764 2400 animam
785 2357 979 2401 afflictam
998 2356 1296 2400 moestitudine.

875 2444 919 2488 3.
942 2431 1191 2489 Eaemspides.

422 2503 640 2547 Permulta
657 2512 845 2547 veterum
865 2504 978 2547 dicta
995 2504 1082 2546 vim
1104 2504 1188 2547 veri
1207 2504 1460 2562 exprimunt.

883 2578 944 2620 Ib.
969 2579 1171 2621 Incertus.

419 2648 615 2707 Alloquia
632 2650 870 2693 hominibus
889 2651 1058 2702 blanda,
1078 2650 1334 2693 medicamen
1353 2658 1500 2693 metus.

406 2756 418 2772 2
432 2750 594 2784 Credibile
613 2756 663 2784 est
684 2752 726 2784 ad
748 2752 848 2784 alium
871 2751 1005 2785 titulum
1050 2758 1115 2785 tem
1130 2757 1163 2784 et
1177 2762 1275 2793 supra
1287 2752 1469 2784 habuimus.
1701 2782 1706 2788 ,

362 2805 554 2846 pertinuisse
567 2807 626 2838 hos
640 2816 764 2845 versus,
777 2816 914 2848 quorum
931 2817 1005 2848 par·
1091 2814 1107 2828 ⁸
1122 2807 1230 2839 Multa
1242 2807 1282 2839 ad
1292 2806 1506 2848 eloquentiam
1518 2807 1693 2848 pertinent·
