1780 3178
348 291 434 336 290⁴
748 278 1005 321 IOANNIS
1038 278 1277 322 STOBAEI

827 405 866 448 7.
889 394 1008 435 Idem
1027 393 1208 435 Acrisio.

406 467 567 508 Amare
586 466 716 509 vitam
735 481 858 509 nemo
876 466 973 523 plus
992 465 1160 508 senibus
1178 465 1293 507 solet.

736 541 773 582 8.
794 539 1033 596 Euripides
1053 540 1301 597 HippoQsto.

408 613 446 654 O
467 611 604 654 lucide
624 612 769 664 aether,
793 611 900 657 Solis
918 627 944 653 o
963 626 1120 669 purum
1134 611 1278 668 jubar,

350 686 388 727 O
410 701 537 742 quam
557 686 700 728 beatos
717 694 854 727 vester
872 693 1064 743 aspectus
1078 684 1216 742 juvat,

351 759 643 817 Hominesque
662 759 834 802 miseros
853 759 1023 816 pariter,
1045 758 1153 800 inter
1172 773 1279 815 quos
1298 760 1394 815 ego!

802 847 840 889 9.
862 834 981 875 Idem
1001 833 1238 889 Meleagro.

410 906 524 948 Mihi
543 907 630 949 vita
650 907 807 949 dulcis:
840 907 1020 949 inferum
1041 905 1162 963 nigra
1180 914 1243 947 est
1261 904 1413 947 domus

352 979 436 1021 Cui
455 994 578 1021 nemo
597 980 718 1022 semel
739 980 926 1022 inclusus
944 979 987 1021 in
1007 979 1144 1022 lucem
1163 979 1284 1021 redit.

352 1054 464 1109 Ego,
486 1062 585 1094 nata
604 1053 796 1110 quamvis
816 1053 947 1096 nobili
966 1052 1156 1110 inprimis
1176 1052 1317 1102 domo,

353 1126 511 1167 Orcum
531 1126 757 1168 reformido
777 1135 819 1168 et
837 1125 962 1168 velim
981 1140 1201 1183 nunquam
1220 1123 1337 1166 mori.

816 1196 822 1202 ’
915 1211 982 1240 10.
1003 1198 1129 1239 Idem.

411 1271 485 1312 Nil
505 1271 706 1329 repperiri
726 1272 861 1314 carius
880 1272 968 1314 vita
986 1280 1136 1329 potest.

762 1359 777 1387 1
791 1358 805 1386 1
818 1377 827 1387 .
849 1346 1065 1386 Homerus
1089 1344 1287 1401 Odyssea.

411 1417 561 1460 Malim
583 1417 779 1474 equidem
798 1417 907 1459 duro
925 1432 998 1458 rus
1018 1431 1208 1458 exercere
1227 1416 1370 1458 labore

354 1492 547 1547 Paupere
567 1490 646 1532 sub
665 1490 836 1531 domino
854 1490 992 1532 tenuis
1011 1490 1080 1532 cui
1099 1489 1220 1547 copia
1238 1490 1388 1541 victus,

355 1566 493 1616 Quam
512 1564 595 1606 late
614 1564 794 1621 populos
811 1563 921 1606 inter
940 1578 1113 1621 regnare
1134 1563 1340 1605 silentum.

870 1651 931 1680 [2.
954 1638 1188 1695 Sophocles.

413 1712 451 1752 O
472 1720 583 1762 nate,
604 1710 690 1752 vita
708 1716 863 1752 munus
883 1720 945 1753 est
965 1710 1273 1752 dulcissimum:

355 1786 551 1842 Namque
571 1785 729 1827 homini
750 1785 885 1827 eidem
905 1785 969 1827 bis
989 1785 1138 1827 datum
1157 1799 1241 1826 non
1262 1792 1324 1826 est
1343 1782 1460 1825 mori.

735 1872 798 1914 13.
820 1859 1070 1916 lycophron
1090 1858 1317 1915 Pelopidis.

413 1933 600 1974 Mortem
619 1941 822 1974 remotam
841 1931 975 1989 'poscit
993 1931 1157 1973 ardenti
1175 1946 1299 1988 prece

355 2005 660 2061 Quemcunque
680 2005 789 2047 dura
807 2005 924 2048 clade
944 2006 1115 2047 fortuna
1134 2003 1348 2063 opprimit.

354 2079 420 2119 At
438 2093 535 2119 cum
556 2093 777 2135 supremus
796 2079 982 2121 volvitur
999 2078 1169 2130 fluctus,
1192 2077 1302 2120 redit

355 2151 464 2194 Vitae
483 2152 664 2209 cupido:
696 2167 782 2194 non
801 2152 911 2195 enim
931 2153 1054 2195 satias
1074 2161 1198 2195 tenet.

710 2239 774 2279 14.
796 2227 1073 2284 Apollodorus
1093 2227 1340 2268 Aberrante.

413 2298 648 2341 Miserabar
661 2299 831 2356 juvenis
849 2299 949 2341 olim
967 2299 1116 2342 acerba
1134 2299 1306 2341 funera:

355 2374 421 2415 At
440 2387 552 2414 nunc
571 2373 736 2429 quoties
754 2373 921 2415 intueor
941 2373 1158 2430 exsequias
1178 2372 1299 2424 senis,

356 2445 412 2487 Id
431 2445 656 2502 lachrymo.
709 2446 823 2487 Nam
839 2460 939 2487 mox
959 2445 1103 2487 eadem
1123 2460 1190 2486 me
1210 2453 1369 2502 spectat
1387 2443 1466 2486 via.

906 2530 969 2574 15.
991 2518 1150 2560 Azeoeis.
1174 2562 1178 2566 ,
1452 2506 1457 2511 ’

930 2591 1039 2633 Vitae
1058 2590 1207 2633 ultima

355 2665 593 2707 Decurrens
613 2665 747 2722 spatia
765 2664 903 2707 adhue
923 2665 1092 2722 cupisco
1111 2663 1260 2706 vivere.
