1838 3276
421 265 890 311 FLORILEGIUM.
922 271 1028 314 Τῐτ.
1055 285 1118 314 ιο.

161 378 401 436 Intubaque
418 389 461 422 et
481 380 702 439 niphanon,
721 380 820 425 allia
835 391 880 426 et
897 397 1131 441 asparagos,

100 451 264 511 Aufugi
283 461 427 510 pastus
446 453 555 496 male
573 454 869 499 semimadente
887 455 1048 515 lupino,

158 524 369 568 Sollicitus
387 525 549 568 foenum
569 542 622 570 ne
640 526 761 571 daret
777 543 866 571 esse
884 529 999 573 mihi.

343 600 613 644 Automedon.
637 599 836 658 [Anthol.
859 603 951 647 Pal.
974 604 1058 647 XI.
1077 604 1200 663 325]

99 673 182 715 Pes
200 672 315 731 capri
335 671 437 716 mihi
456 689 576 717 ooena
592 674 692 728 fuit,
710 684 803 718 tum
821 677 1018 720 cannabis
1035 676 1166 722 instar

157 746 361 799 Brassica,
384 757 476 791 tum
495 748 653 792 flaveris
672 748 838 792 unciola
855 750 1069 808 asparagi:

98 817 422 861 convivatorem
443 834 527 861 non
546 819 708 862 indico:
738 835 899 878 pronus
915 821 972 864 ad
990 821 1094 864 iram
1114 832 1200 865 est:

155 891 303 948 Atque
322 890 417 934 ideo
435 907 488 934 ne
507 908 575 935 me
595 907 706 951 saepe
723 902 844 937 vooet
862 903 1017 938 metuo.

362 966 577 1009 Pallada«
602 965 800 1023 [Anthol.
824 968 914 1011 Pal
939 969 1166 1029 X1.387.]

98 1038 199 1081 Mos
218 1039 343 1081 semel
363 1049 426 1082 est
444 1040 663 1097 prandere,
683 1040 763 1083 nisi
782 1057 858 1084 nos
878 1042 1017 1084 Cinna
1033 1043 1214 1086 vocarit:

154 1110 307 1154 Altera
326 1121 427 1154 tunc
445 1112 620 1156 facimus
638 1113 816 1171 prandia
833 1129 1016 1173 namque
1031 1115 1162 1158 domi.

363 1186 570 1228 Incertus.
601 1184 799 1242 [Anthol.
820 1187 911 1230 Pal.
933 1189 1017 1230 XI.
1035 1191 1162 1248 313]

97 1256 286 1300 Orbibus
303 1265 479 1315 argento
497 1257 619 1301 factis
635 1259 917 1304 ooenavimus:
949 1272 994 1304 at
1011 1262 1072 1305 nil

155 1329 425 1387 Appositum.
475 1330 618 1373 Torsit
635 1346 711 1374 nos
729 1333 912 1390 pretiosa
927 1334 1074 1378 fames.

18 1442 38 1457 ,
97 1402 205 1445 Tam
224 1402 406 1446 nitidum
424 1403 623 1456 esuriens,
646 1405 798 1448 tacitus
816 1407 995 1464 suspiria
1013 1408 1122 1460 misi,

155 1480 216 1522 Et
233 1479 336 1532 dixi,
358 1481 482 1525 Felix
500 1482 693 1526 fictilium
712 1483 847 1527 satias.

96 1553 282 1604 Quaesivi
300 1554 472 1607 dubius,
491 1571 590 1613 quae
607 1555 787 1600 nominis
804 1565 912 1601 esset
930 1559 1051 1617 origo

153 1626 365 1671 Orbibus:
395 1628 477 1672 hoo
494 1629 666 1673 tandem
684 1640 752 1673 m'e
771 1639 847 1675 tua
863 1646 984 1676 ooena
1000 1633 1135 1677 dooet.

96 1702 293 1760 Namque
311 1703 433 1746 orbes
451 1702 572 1767 nobis
589 1702 781 1762 posuisti,
800 1705 875 1748 sed
893 1704 1015 1764 dapis
1030 1707 1171 1759 urbm,

154 1775 437 1820 Instrumenta
455 1776 590 1829 famiS,
608 1776 844 1836 splendida,
866 1779 941 1822 sed
956 1795 1102 1824 vacua.

549 1859 854 1911 TITULUS
886 1862 983 1912 XI.

571 1954 647 1993 DE
675 1954 960 1998 νΕΒιΤΑΤΕ.

618 2036 653 2065 ῐ.
681 2023 913 2083 sseognis.

557 2094 656 2136 Veri
676 2103 894 2143 teneamur
911 2112 1054 2141 amore

98 2164 258 2223 Tuque
277 2173 320 2208 et
338 2180 432 2223 ego,
452 2181 539 2224 quo
557 2166 618 2209 nil
631 2167 792 2225 justius
810 2185 898 2214 esse
916 2180 1070 2229 potest.

592 2253 631 2283 2.
654 2241 936 2301 Obynspiades.

156 2311 324 2369 Hospes
343 2312 533 2355 Deorum
550 2313 717 2367 veritas,
737 2314 838 2359 civis
855 2317 954 2375 poli.

617 2398 658 2443 3.
680 2385 912 2432 Pindoenae.

155 2455 283 2508 Diva,
304 2455 508 2500 virtutum
527 2460 765 2505 veneranda
780 2462 987 2523 princep&

98 2528 275 2582 Veritas,
296 2538 346 2573 tu
364 2544 432 2573 me
450 2546 564 2590 rege,
583 2540 634 2577 tu
653 2542 773 2579 tuere

98 2602 167 2645 Ne
184 2602 311 2646 fidem
330 2602 487 2657 fallam,
507 2621 645 2664 neque
662 2618 787 2666 pacta
804 2609 986 2654 mendax

330 2677 511 2722 Foedera
529 2695 735 2740 rumpam.
750 2686 755 2691 “

629 2767 671 2809 4.
692 2757 899 2801 Incertum.

79 2832 83 2835 ’
157 2822 315 2867 Verum
334 2825 491 2881 profari
509 2825 690 2873 liberalis
706 2829 848 2887 ingeni
866 2837 939 2873 est.

1378 283 1432 328 47
