1838 3276
412 324 881 370 FLORILEGIUM.
911 326 1013 370 Trr.
1035 341 1074 384 9.
1350 339 1407 385 35

78 439 163 491 Qui
183 449 258 482 tua
275 439 522 492 detrectant,
541 449 690 492 mater,
704 439 828 497 juga,
850 454 957 497 quos
975 439 1099 484 docet
1117 440 1210 484 auri

76 513 275 556 Insatiata
293 513 424 556 fames
442 512 611 556 furtivis
628 511 819 555 lancibus
839 512 927 555 uti:

76 586 254 638 Blanda,
275 587 432 639 favens,
453 602 607 645 praeses
625 586 760 645 dapis,
777 586 908 629 hostis
927 585 1192 637 seditionum,

76 656 197 699 Pacis
215 657 431 715 frugiferae
449 666 492 700 et
510 657 608 700 vitae
627 657 853 700 constantis
870 657 1029 700 amica:

76 729 203 781 Quod
222 729 319 788 plus
338 739 402 772 est
420 730 550 788 fugis,
569 739 612 773 et
629 730 790 788 gaudes
809 729 988 788 paritate
1005 729 1214 788 benigna:

75 803 253 846 Virtutis
270 819 346 862 per
365 812 407 846 te
425 803 661 862 assequitur
679 803 882 862 sapientia
901 802 1090 846 culmen:

74 875 210 928 Audi,
231 876 357 928 Diva,
377 876 509 919 malos
527 875 666 934 dignis
684 876 935 919 cruciatibus
953 891 1078 934 auge,

74 950 139 992 Ut
157 949 320 992 facilem
339 950 497 992 ducant
514 959 682 1007 oequato
700 950 886 1008 pondere
906 949 1036 993 vitam
1116 994 1119 996 ,

76 1023 192 1065 Gens
210 1022 443 1074 hominum,
464 1031 586 1065 terrae
605 1031 817 1064 vescentes
836 1022 1033 1079 frugibus
1051 1021 1186 1073 almae,

73 1097 222 1153 Atque
240 1096 466 1139 animantia
483 1106 635 1140 cuncta
653 1096 746 1138 sinu
766 1111 1032 1154 quaecunque
1051 1095 1247 1139 foventur

75 1170 256 1213 Caerulei
277 1170 419 1222 consi,
438 1169 705 1227 Tellurisque
725 1169 1034 1227 omniparentis.

348 1244 540 1302 Orpheus
559 1244 713 1301 hymno
731 1244 919 1286 Justitiae
938 1243 1132 1300 vindicis.

132 1317 278 1359 Poenae
298 1315 519 1373 respiciens
536 1323 660 1358 canto
679 1315 914 1358 venerabile
933 1315 1091 1366 lumen,

74 1388 159 1431 Cui
171 1389 246 1446 jus
263 1397 326 1430 est
345 1387 495 1431 solium
515 1388 546 1429 J
547 1387 638 1430 ovis
655 1387 853 1430 insedisse
873 1388 1072 1445 supremi,

74 1460 205 1504 Unde
222 1461 440 1503 hominum
461 1460 590 1502 vitam
609 1459 762 1502 caelesti
782 1475 835 1502 ex
854 1475 949 1502 arce
969 1468 1149 1510 tuetur,-

76 1533 300 1592 Suppliciis
312 1533 440 1591 justis
458 1533 659 1577 ulciscens
678 1532 807 1591 impia
824 1532 950 1584 facta,

76 1607 316 1664 Imparibus
335 1606 514 1649 reddens
532 1607 770 1666 paritatem,
785 1605 930 1664 judice
950 1606 1072 1648 Vero.

19 1740 21 1742 ι
75 1681 150 1722 Tu
169 1695 434 1738 quoecunque
452 1680 641 1723 homines
654 1680 745 1739 juri
764 1679 971 1722 contraria
989 1687 1173 1737 patrant,

75 1754 202 1807 Quod
221 1755 477 1813 nimium‘est
496 1755 672 1799 nimium
691 1770 823 1813 prava
840 1755 944 1798 dum
964 1763 1103 1798 mente
1122 1754 1358 1812 cupiscunt,

73 1829 344 1887 Exsequeris,
365 1844 419 1872 ne
437 1829 598 1887 flagitio
615 1829 815 1873 laetentur.
831 1829 968 1872 inulto
980 1845 994 1870 z

75 1904 254 1947 Fautrix
274 1903 494 1957 rectivolis,
514 1903 672 1961 injusta
689 1902 944 1947 audentibus
966 1902 1121 1946 hostis:
1184 1940 1185 1944 ,

76 1979 224 2036 AEqua
240 1978 371 2036 igitur
389 1977 606 2035 facilisque
624 1976 736 2020 adsis
754 1975 1008 2020 sectantibus
1026 1989 1220 2032 aequum:

6 2071 10 2075 ’
76 2051 197 2094 Felix
217 2051 306 2094 vita
324 2051 389 2094 sui
408 2051 606 2103 decurrat
624 2060 816 2108 tempora
833 2049 922 2092 fati.

433 2124 626 2182 Orpheus
639 2123 797 2181 hynmo
816 2123 1054 2165 Nemeseos.

134 2200 202 2242 Te
220 2214 357 2257 prece,
378 2206 435 2250 te,
455 2196 624 2249 vindex,
645 2211 763 2249 νοω,
785 2194 968 2238 maxima
982 2192 1259 2250 Reginarum,

77 2271 293 2323 Omnitua‚
306 2271 542 2328 inspectans
560 2268 666 2326 quid
683 2273 813 2326 agant
829 2266 1022 2311 mortalia
1041 2265 1162 2318 secla,

78 2347 231 2389 Sancta
248 2346 358 2396 Dea,
378 2342 638 2395 immortalis,
658 2357 756 2386 aves
774 2356 872 2398 quae
885 2341 984 2398 jure
1003 2339 1162 2389 fruisci‚

77 2419 315 2462 Dissertans
333 2416 497 2461 varium
517 2415 778 2460 sermonibus
796 2413 1024 2464 alternatis,

77 2493 218 2545 Quam
235 2498 434 2535 metuunt
449 2490 640 2533 homines
658 2488 807 2532 cervici
827 2487 920 2544 subj
926 2484 1168 2544 ugecuncti
1185 2501 1196 2526 ;

78 2567 191 2609 Nam
211 2574 287 2609 tua
303 2565 519 2624 perficitur
539 2578 701 2620 semper
721 2560 939 2612 sententia,
960 2574 1036 2602 nec
1055 2567 1097 2602 te

77 2638 306 2696 Effugiunt
324 2637 474 2680 animoe
493 2634 714 2679 temeraria
729 2633 858 2676 verba
877 2632 1081 2690 superbae.

79 2713 245 2754 Cuncta
263 2709 394 2761 vides,
414 2718 458 2752 et
476 2716 628 2751 cuncta
645 2706 782 2759 audis,
803 2716 846 2748 et
864 2714 1018 2749 cuncta
1029 2717 1240 2761 repensa&

0 2827 3 2829 ,
78 2784 402 2841 Arbitriumque
419 2781 639 2825 hominum
659 2789 742 2823 stat
760 2789 803 2822 te
821 2795 963 2838 penes,
983 2776 1126 2820 inclita
1147 2776 1283 2818 Diva:

79 2859 264 2917 Adjutes
281 2867 519 2915 mactesque
537 2866 647 2907 tuos,
666 2872 694 2897 o
713 2862 868 2905 sancta,
889 2853 1073 2903 clientes,

705 2943 732 2970 n
756 2940 782 2970 2
