1780 3178
584 174 1020 219 IN-ITIORUM.

65 287 177 339 πειρῶ
194 283 256 326 τὸν
273 289 432 327 πλοῦτον
449 291 523 341 94,
544 301 606 344 19.

65 344 178 397 πειςῶ
197 340 316 398 τύχης
338 342 435 395 108,
446 354 491 399 5.

66 396 280 447 Πελοπίδας
300 399 459 457 ἀνδρείου
478 413 552 454 42,
576 413 640 458 13.

66 452 281 502 πενέστατοι
301 468 374 513 95,
393 469 459 500 10.

64 508 220 578 πένητας
241 513 351 562 οὐδεὶς
370 524 441 570 97,
455 527 500 567 4.

64 582 212 619 πενητος
229 570 354 626 ἀνδρὸς
369 582 446 627 95,
461 584 505 628 3.

63 626 197 667 πενθεῖν
215 626 251 667 δὲ
275 639 371 680 124,
387 639 462 683 27.

64 680 171 723 πενία
189 682 227 724 δὲ
246 700 386 739 συγκρ.
406 686 478 741 96,
493 698 535 740 9.

64 737 171 780 πενία
191 739 228 780 δὲ
247 743 322 790 τοῖς
341 742 415 797 96,
435 754 502 784 10.

63 795 170 837 πενία
189 796 352 839 διδάσκει
372 799 443 853 96,
458 810 500 850 2.

65 852 189 894 πενίαν
208 854 360 908 ἡγητέον
383 867 451 907 10,
465 856 536 898 68.

63 908 187 959 πενίας
205 910 324 952 διττὸν
343 924 414 968 95,
427 925 495 965 14.

32 1008 35 1011 ,
63 966 163 1017 πενίη
182 972 339 1017 πλοῦτος
361 980 432 1024 97,
447 981 518 1026 23.

63 1022 183 1075 πενίην
207 1024 306 1076 108,-
318 1034 390 1079 70.

63 1078 215 1122 πέπεισο
234 1084 286 1135 μὴ
310 1095 350 1134 1,
366 1094 435 1138 23.

63 1135 216 1179 πὲιτοιθα
238 1148 310 1194 73,
332 1152 397 1194 1-9.

63 1192 242 1244 πέπονθας
260 1194 319 1239 οἶα
342 1196 439 1247 108,
455 1208 480 1238 2
481 1208 525 1252 5.

63 1249 230 1293 πέπονθεν
249 1251 309 1292 οἵα
331 1264 429 1306 124,
444 1253 486 1295 8.

63 1306 180 1364 πέρας
197 1308 266 1362 μὲν
281 1311 426 1366 ydem
443 1322 515 1365 50·

62 1365 143 1420 περὶ
165 1365 335 1416 ἀληθείας
355 1365 385 1408 ὦ
402 1368 490 1409 Τάτ
507 1381 524 1410 1
536 1380 574 1420 1,
586 1380 655 1424 23.

63 1423 145 1478 περὶ
166 1423 239 1473 βίω
258 1431 303 1477 5,
320 1424 390 1479 69.

62 1478 144 1536 περὶ
164 1478 299 1534 γάμων
314 1479 386 1534 67,
395 1481 465 1524 26.

62 1535 143 1590 περὶ
163 1536 200 1577 δὲ
219 1535 398 1590 γενέσεως
422 1549 518 1589 101,
533 1551 574 1591 4.

63 1592 144 1649 περὶ
165 1594 201 1634 δὲ
217 1593 405 1646 ἐπιθυμίας
423 1607 494 1646 10,
508 1597 576 1650 67.

63 1651 144 1706 περὶ
165 1649 202 1691 δὲ
221 1654 286 1691 τοῦ
309 1663 406 1703 120,
422 1661 488 1706 27.

63 1707 144 1763 περὶ
167 1707 203 1748 δὲ
222 1711 355 1764 τροφῆς
378 1719 447 1762 17,
462 1721 533 1765 43.

62 1764 144 1820 weg}
159 1764 360 1819 Εὐριπίδου
381 1765 424 1816 6,
435 1768 505 1821 36.

62 1821 144 1877 περὶ
164 1821 263 1872 θεῶν,
285 1819 316 1862 ὦ
333 1820 427 1876 Τι’μ..
452 1821 523 1875 80,
545 1835 611 1865 11.

61 1878 143 1933 reg}
163 1878 231 1931 μὲν
250 1880 371 1920 αὐτῶν
391 1880 542 1935 29,76.

62 1934 143 1989 περὶ
163 1935 231 1988 μὲν
250 1933 310 1976 οὖν
327 1939 399 1976 τῶν
417 1948 490 1992 43,
504 1938 575 1993 65.

61 1990 142 2048 weg}
163 1990 326 2040 πλείονος
342 1992 418 2044 48,
431 1993 504 2049 38.

62 2047 144 2104 περὶ
163 2051 227 2098 τῆς
247 2049 343 2090 καθ’.
359 2062 434 2105 33,
453 2061 522 2106 17.

63 2104 143 2160 περὶ
161 2104 370 2161 χρημάτων
398 2107 463 2158 16,
480 2120 548 2164 13.

64 2161 285 2218 Περίανδρος
309 2163 488 2218 ἐρωτηθεὶς
513 2177 558 2220 3,
571 2164 646 2220 56.
693 2175 764 2217 24,

126 2230 193 2261 12.
221 2231 294 2274 43,
309 2220 381 2273 78.

64 2278 254 2332 Περικλῆς
277 2286 346 2329 70,
362 2284 429 2330 17.

62 2333 250 2387 Περικλῆς
260 2331 502 2386 ,Σοφοκλέους
526 2343 594 2388 17,
614 2346 680 2389 19.

62 2389 326 2445 περισσόμυθος
345 2388 418 2441 86,
429 2402 470 2432 2.

64 2445 214 2502 Πέρσαι
236 2446 299 2486 καὶ
324 2458 419 2502 123,
442 2459 505 2502 13.

63 2504 223 2559 Περσῶν
243 2504 342 2555 μετὰ
358 2514 402 2558 7,
416 2504 490 2556 64.

64 2560 223 2614 Περσῶν
240 2562 305 2611 τὴν
325 2572 398 2615 39,
413 2572 483 2616 31.

63 2614 216 2671 πεττεία
235 2632 305 2657 τινι
329 2628 424 2670 124,
438 2629 507 2669 41.

62 2671 199 2725 πέφυκε
219 2671 299 2729 γάς
313 2689 389 2721 πως
410 2685 481 2729 73,
500 2686 566 2726 14.

62 2726 201 2780 πέφυκε
223 2730 300 2783 γὰρ
320 2729 362 2769 τὸ
382 2739 456 2784 54,
464 2743 537 2786 32.

63 2783 200 2839 πέφυκε
215 2784 370 2836 ξυνιέναι
391 2798 436 2841 3,
452 2799 521 2841 59.

63 2844 169 2894 πῆμα
190 2843 304 2891 κακὸς
327 2854 366 2894 2,
383 2856 448 2895 14.

64 2898 190 2954 πικρόν
211 2900 291 2939 ἔστι
317 2912 334 2941 1
346 2900 414 2950 16,
433 2911 500 2943 20.

1447 179 1530 235 367

833 290 959 345 πικρὸν
978 287 1041 345 νέᾳ
1061 298 1133 343 71,
1145 289 1187 330 8.

834 346 1015 403 Πίνδαρος
1034 345 1110 419 2le
1134 358 1230 398 111,
1249 357 1316 389 12.

832 418 1127 513 ’ἅῖἷὲζέῗέἶῖ
1134 403 1218 514 1⁶7²?
1229 415 1332 511 ἷζε,
1347 471 1370 515 7
1373 474 1417 517 3.

833 517 1028 565 Πιττακὸς
1047 517 1224 567 ἀδικηθεὶς
1247 530 1315 572 19,
1335 531 1403 570 14.

833 574 1026 622 Πιττακὸς
1047 571 1110 627 ἔφη
1127 586 1168 628 9,
1173 586 1245 630 33.
1255 587 1328 630 34.

833 631 1029 678 Πιττακὸς
1047 647 1191 685 παρακ.
1213 642 1284 686 79,
1295 644 1368 684 41.

832 686 1001 729 Πλάτων
1018 687 1266 737 Ἀντισθένους
1282 690 1358 745 36,
1375 701 1444 732 22.

831 744 1001 785 Πλάτων
1013 745 1206 801 ἐςωτηθεὶς
1225 754 1344 803 7,43.
1381 748 1452 799 68,
1459 760 1532 803 31.

891 811 1040 856 94227·

833 858 1002 899 Πλάτων
1021 857 1084 911 ἔφη
1102 858 1186 907 τοὺς
1206 868 1250 912 7,
1267 869 1334 912 27.

833 915 1003 956 Πλάτων
1024 914 1169 970 Opaca-vv.
1185 924 1257 969 79,
1269 928 1339 972 43.

833 972 1004 1013 Πλάτων
1023 971 1293 1028 λοιδορούμενος
1315 985 1384 1028 19,
1399 983 1445 1029 5.

832 1029 1002 1070 Πλάτων
1019 1029 1088 1082 μὲν
1110 1041 1178 1080 11,
1200 1038 1268 1084 15.

833 1085 1002 1126 Πλάτων
1021 1084 1251 1141 ὀργιζόμενος
1270 1098 1340 1139 20,
1353 1096 1423 1142 57.

833 1142 1004 1184 Πλάτων
1023 1142 1202 1198 ὀργισθεὶς
1221 1154 1293 1194 20,
1304 1156 1378 1199 43.

833 1199 1003 1240 Πλάτων
1021 1198 1207 1248 πολλάκις
1230 1209 1298 1253 17,
1311 1202 1385 1256 36.

835 1255 1004 1297 Πλάτων
1022 1257 1110 1309 πρὸς
1131 1267 1200 1306 10,
1214 1257 1285 1299 60.

831 1313 1002 1354 Πλάτων
1022 1311 1277 1365 συνεβούλευεν
1297 1325 1367 1370 23,
1387 1327 1454 1371 13.

830 1369 937 1420 πλείη
955 1370 1022 1422 μὲν
1041 1372 1118 1425 γὰρ
1138 1369 1210 1425 98,
1222 1382 1295 1426 33.

831 1426 1051 1475 πλειστάκις
1072 1427 1170 1479 108,
1182 1439 1256 1480 40.

831 1482 1024 1534 πλεονεξία
1041 1483 1224 1540 μέγιστον
1246 1496 1315 1536 10,
1327 1497 1367 1540 3.

831 1539 1017 1592 πλεονεξίη
1038 1540 1111 1596 36,
1130 1552 1200 1593 24.

831 1597 979 1646 πλέονες
999 1599 1040 1648 ἐξ
1057 1609 1129 1652 29,
1142 1598 1214 1639 66.

831 1657 925 1705 πλὴν
943 1657 1005 1703 τῆς
1025 1652 1199 1705 τεκούσης
1219 1663 1291 1710 73,
1308 1667 1377 1697 10.

831 1711 1004 1752 πλούσιον
1018 1713 1099 1768 χρὴ
1124 1724 1192 1763 10,
1203 1713 1277 1767 36.

829 1770 999 1816 πλουτεῖς
1017 1770 1068 1809 τοὶ
1087 1768 1116 1808 δ’
1135 1777 1208 1824 95,
1223 1778 1266 1822 7.

829 1826 1024 1876 πλουτεῖς;
1055 1828 1073 1866 ὁ
1093 1833 1164 1867 πλ.
1184 1837 1255 1880 93,
1273 1837 1340 1868 12.

829 1886 986 1930 πλοῦτος
1004 1881 1208 1937 ἀλόγιστος
1225 1894 1297 1937 92,
1309 1882 1350 1923 8.

829 1942 986 1987 πλοῦτος
1004 1939 1077 1979 ἀπὸ
1102 1951 1171 1990 10,
1178 1950 1251 1994 37.
1282 1948 1434 1995 92‚15.

829 1999 986 2044 πλοῦτος
1005 1996 1042 2036 δὲ
1061 1994 1198 2044 κακίας
1218 2008 1291 2051 93,
1301 2008 1373 2049 24.

829 2056 987 2100 πλοῦτος
1006 2053 1043 2093 δὲ
1061 2057 1209 2094 πολλῶν
1228 2065 1300 2106 91,
1318 2066 1385 2109 19.

829 2113 986 2158 πλοῦτος
1007 2109 1044 2150 δὲ
1061 2109 1150 2166 πρὸς
1169 2121 1219 2164 91
1226 2139 1240 2160 ,
1258 2122 1326 2150 11.

830 2169 986 2214 πλοῦτος
1005 2168 1040 2207 ἐν
1057 2166 1161 2207 πόλει
1180 2178 1254 2221 43,
1274 2179 1372 2219 142.

828 2226 986 2270 πλοῦτος
1005 2223 1068 2264 καὶ
1090 2221 1197 2276 σοφίη
1219 2236 1290 2277 91,
1307 2224 1375 2265 26.

829 2278 989 2320 πλούτου
1008 2279 1036 2319 δ’
1057 2278 1269 2335 ἀπορρυέντ.
1291 2291 1362 2335 92,
1369 2292 1415 2334 3.

829 2335 978 2391 πλούτῳ
997 2336 1064 2389 μὲν
1084 2338 1122 2387 δὴ
1141 2348 1214 2391 94,
1227 2348 1300 2390 30.

830 2392 980 2446 πνίγομ’
1003 2391 1054 2434 ὅτ’
1074 2391 1118 2434 ἂν
1139 2405 1210 2448 90,
1232 2404 1302 2434 10.

829 2449 932 2490 πόθεν
949 2449 1030 2490 ποτ’
1049 2447 1124 2505 ἆρα
1144 2450 1186 2501 6,
1196 2461 1266 2491 20.

831 2508 894 2546 ποῖ
909 2509 985 2554 πῶς
1002 2506 1038 2546 δὲ
1061 2518 1131 2558 22,
1145 2515 1187 2560 7.

831 2562 922 2602 ποίει
943 2560 970 2602 οἲ
989 2562 1118 2619 κςίνεις
1135 2563 1290 2615 46,42.

830 2618 921 2659 ποίει
941 2619 1009 2672 μὲν
1027 2620 1136 2674 μηδὲν
1155 2619 1229 2671 48,
1243 2617 1316 2674 58.

831 2677 931 2726 ποιῆν
950 2675 1005 2724 τίς
1026 2679 1124 2725 βιοτ.
1145 2676 1216 2731 98,
1229 2683 1301 2730 57.

831 2735 929 2772 ποῖον
949 2731 1011 2785 ἔφη
1032 2732 1140 2789 μέρος
1162 2731 1232 2787 98,
1249 2740 1271 2784 7
1275 2739 1319 2785 5.

831 2788 988 2842 πόλεμος
1003 2789 1143 2840 ,ἔνδοξος
1163 2798 1237 2844 50,
1255 2800 1322 2829 10.

832 2845 951 2885 πολιοὶ
971 2846 1039 2899 μὲν
1058 2847 1141 2899 ἡμῖν
1166 2846 1260 2896 118,
1276 2856 1344 2899 13.

834 2903 957 2950 πολιὸς
975 2902 1146 2958 τεχνίτης
1170 2916 1187 2942 1
1199 2903 1346 2956 16,32.
