1838 3276
490 304 960 349 FLORILEGIUM.
991 307 1092 349 Trr.
1112 318 1152 359 4.
1437 321 1488 363 ¹9

654 432 716 474 ι4.
741 420 993 463 Char-eorm.

208 491 292 544 Qui
311 492 371 535 nil
391 483 528 536 sciunt
547 493 779 551 egregium,
799 509 854 536 ne
872 493 1023 536 vivunt
1041 492 1225 551 quidem.

711 577 776 623 15.
797 568 928 610 Idem.

205 640 431 698 Doepicere
450 656 579 698 quam
598 641 834 699 prospicere
852 641 1033 684 didicisti
1052 641 1197 700 magis.

147 713 326 772 Ingenia
343 714 551 757 concitata
568 730 622 757 ne
641 714 834 772 placeant
853 714 945 757 sibi.

746 788 879 829 Idem.

203 859 321 903 Male
339 860 596 903 consuluisse
614 869 805 918 putatur,
826 861 1018 919 quisquis
1036 861 1207 904 fallitur.

646 947 662 975 1
672 934 711 975 6.
731 933 976 992 AEschylus.

199 1006 322 1049 Felix
341 1016 384 1050 et
402 1022 547 1049 excors
563 1006 910 1064 impedimentum
927 1022 1057 1065 grave
1075 1015 1149 1049 est.

653 1090 717 1134 17.
740 1080 974 1137 Sophocles.

659 1151 918 1210 Insipientiae

138 1228 171 1268 J
173 1226 425 1284 ure‘optimo
445 1233 620 1268 vocatur
638 1225 885 1283 improbitas
906 1241 1033 1268 soror.

641 1298 706 1341 18.
727 1299 976 1356 Euripides.

195 1374 359 1416 Excors
378 1373 505 1416 homo
523 1372 631 1415 bene
648 1371 763 1414 dicta
780 1372 890 1414 male
908 1371 1022 1414 dicta
1039 1380 1243 1414 autumat.

702 1459 767 1502 19.
788 1446 919 1488 Idem.

195 1519 268 1562 Vis
287 1519 359 1562 illa
378 1519 518 1562 subita
535 1530 579 1562 et
596 1519 738 1578 ingeni
758 1515 946 1578 praeceps
964 1520 1085 1577 vigor

138 1594 351 1636 Immensa
369 1609 480 1652 saepe
494 1593 650 1636 damna
667 1593 771 1636 dant
791 1593 1049 1636 mortalibus.

697 1679 766 1712 20.
787 1667 917 1724 Idem.

194 1740 396 1783 Humana
413 1739 564 1783 lustrat
581 1741 736 1784 humor
754 1756 975 1798 oequoreus
994 1739 1115 1782 mala.

644 1827 711 1859 21.
733 1814 962 1856 Hesiodus.

193 1888 315 1946 Saepe
333 1887 457 1930 etiam
477 1887 637 1945 stupidi
657 1902 742 1930 non
761 1887 1010 1945 intempesta
1028 1886 1272 1944 loquuntur.

583 1972 650 2003 22.
673 1961 793 2002 Idem
815 1961 1036 2018 Operibus.

190 2033 271 2076 Ille
281 2033 454 2092 quidem
465 2042 562 2077 ante
573 2049 730 2086 omnes,
743 2049 820 2092 per
831 2049 875 2076 se
888 2034 979 2091 ipse
993 2033 1098 2091 quid
1113 2033 1231 2086 utile,
1247 2033 1354 2091 quid
1367 2047 1467 2084 non,

129 2107 216 2159 Qui
234 2106 364 2159 videt,
385 2116 427 2149 et
446 2106 571 2165 longe
589 2107 693 2150 fines
709 2115 950 2166 prospectat
967 2107 1144 2165 agendi:

129 2180 215 2232 Qui
232 2181 339 2223 bene
358 2180 558 2223 consultis
575 2180 723 2224 didicit
739 2196 901 2239 parere,
924 2180 1156 2224 secundus:

127 2254 185 2296 At
207 2253 281 2311 qui
300 2253 479 2296 consiliis
497 2253 628 2311 pollet
647 2253 751 2295 nihil
774 2253 878 2312 ipse.
898 2270 974 2296 nec
993 2254 1114 2296 audit

131 2328 363 2371 Suadentes
382 2327 498 2378 alim,
520 2327 658 2369 nullos
676 2327 804 2369 homo
822 2327 927 2379 vivit
946 2327 1001 2369 ad
1023 2342 1134 2369 usus.

560 2387 627 2457 23.
650 2401 870 2459 &phoceas
890 2400 1030 2458 Ajace.

159 2505 161 2507 -
185 2476 304 2519 Gens
321 2470 450 2518 bruta
467 2471 620 2527 mente,
641 2474 759 2532 quod
778 2483 893 2517 tenet
909 2475 1105 2517 manibus
1123 2474 1298 2526 bonum,

128 2550 230 2592 Sero
249 2549 449 2608 incipissit
466 2564 600 2602 nosse,
621 2557 845 2607 postquam
864 2548 1083 2591 effluxerit.

528 2618 531 2620 ’
685 2635 754 2676 24
777 2622 907 2664 Idem.
1120 2652 1124 2656 .

646 2694 787 2739 Stulta
804 2710 883 2754 par
903 2695 1052 2739 stultos
1071 2695 1200 2752 loqui.

412 2783 437 2814 2
438 2778 480 2826 5.
500 2770 738 2828 Euripides
756 2770 945 2812 Hercule
964 2770 1164 2811 Fur-ente.

184 2841 424 2886 Concedere
443 2842 553 2887 hosti
572 2843 636 2887 fas
654 2852 777 2902 puto,
798 2858 896 2895 non,
919 2842 952 2886 si
971 2853 1033 2886 est
1052 2842 1201 2894 malus,

820 2930 845 2957 C
867 2927 891 2960 2
