<?xml version="1.0" encoding="UTF-8"?>
<!DOCTYPE html PUBLIC "-//W3C//DTD XHTML 1.0 Transitional//EN"
    "http://www.w3.org/TR/xhtml1/DTD/xhtml1-transitional.dtd">
<html xmlns="http://www.w3.org/1999/xhtml" xml:lang="en" lang="en">
 <head>
  <title>
</title>
<meta http-equiv="Content-Type" content="text/html;charset=utf-8" />
  <meta name='ocr-system' content='tesseract 3.04.00' />
  <meta name='ocr-capabilities' content='ocr_page ocr_carea ocr_par ocr_line ocrx_word'/>
</head>
<body>
  <div class='ocr_page' id='page_1' title='image "./iannoustovaiouan04stovuoft_0257.png"; bbox 0 0 1780 3178; ppageno 0'>
   <div class='ocr_carea' id='block_1_1' title="bbox 456 285 1483 347">
    <p class='ocr_par' dir='ltr' id='par_1_1' title="bbox 456 285 1483 347">
     <span class='ocr_line' id='line_1_1' title="bbox 456 285 1483 347; baseline 0.004 -19"><span class='ocrx_word' id='word_1_1' title='bbox 456 285 921 330; x_wconf 82' lang='lat' dir='ltr'><strong>FLORILEGIUM.</strong></span> <span class='ocrx_word' id='word_1_2' title='bbox 951 287 1053 330; x_wconf 84' lang='lat' dir='ltr'><strong>Trr.</strong></span> <span class='ocrx_word' id='word_1_3' title='bbox 1074 301 1166 334; x_wconf 83' lang='lat'><em>102.</em></span> <span class='ocrx_word' id='word_1_4' title='bbox 1400 302 1483 347; x_wconf 81' lang='lat'><strong>²49</strong></span> 
     </span>
    </p>
   </div>
   <div class='ocr_carea' id='block_1_2' title="bbox 142 399 1358 1637">
    <p class='ocr_par' dir='ltr' id='par_1_2' title="bbox 414 399 1216 457">
     <span class='ocr_line' id='line_1_2' title="bbox 414 399 1216 457; baseline 0.006 -18"><span class='ocrx_word' id='word_1_5' title='bbox 414 399 454 440; x_wconf 90' lang='lat'><strong>6.</strong></span> <span class='ocrx_word' id='word_1_6' title='bbox 476 399 737 442; x_wconf 63' lang='lat' dir='ltr'><strong>Heliodorus</strong></span> <span class='ocrx_word' id='word_1_7' title='bbox 756 400 1018 457; x_wconf 71' lang='lat' dir='ltr'><em>Spectaculis</em></span> <span class='ocrx_word' id='word_1_8' title='bbox 1038 403 1216 446; x_wconf 67' lang='lat' dir='ltr'><strong>Italicis.</strong></span> 
     </span>
    </p>

    <p class='ocr_par' dir='ltr' id='par_1_3' title="bbox 142 470 1358 1637">
     <span class='ocr_line' id='line_1_3' title="bbox 204 470 1218 528; baseline 0.007 -16"><span class='ocrx_word' id='word_1_9' title='bbox 204 470 311 514; x_wconf 77' lang='lat' dir='ltr'><strong>Itala</strong></span> <span class='ocrx_word' id='word_1_10' title='bbox 328 486 414 528; x_wconf 83' lang='lat' dir='ltr'><strong>qua</strong></span> <span class='ocrx_word' id='word_1_11' title='bbox 434 471 557 514; x_wconf 88' lang='lat' dir='ltr'><strong>tellus</strong></span> <span class='ocrx_word' id='word_1_12' title='bbox 577 473 780 516; x_wconf 76' lang='lat' dir='ltr'><strong>Gaurano</strong></span> <span class='ocrx_word' id='word_1_13' title='bbox 798 472 902 516; x_wconf 82' lang='lat' dir='ltr'><strong>oolle</strong></span> <span class='ocrx_word' id='word_1_14' title='bbox 917 474 1124 527; x_wconf 74' lang='lat' dir='ltr'><strong>tumescit,</strong></span> <span class='ocrx_word' id='word_1_15' title='bbox 1211 511 1218 520; x_wconf 73' lang='grc'>,</span> 
     </span>
     <span class='ocr_line' id='line_1_4' title="bbox 146 534 1090 604; baseline 0.005 -18"><span class='ocrx_word' id='word_1_16' title='bbox 146 546 192 587; x_wconf 91' lang='grc' dir='ltr'><strong>Α</strong></span> <span class='ocrx_word' id='word_1_17' title='bbox 212 544 318 587; x_wconf 84' lang='lat' dir='ltr'><strong>laeva</strong></span> <span class='ocrx_word' id='word_1_18' title='bbox 335 545 556 603; x_wconf 86' lang='lat' dir='ltr'><strong>insurgens</strong></span> <span class='ocrx_word' id='word_1_19' title='bbox 575 534 692 604; x_wconf 81' lang='lat' dir='ltr'><strong>regio</strong></span> <span class='ocrx_word' id='word_1_20' title='bbox 711 562 755 589; x_wconf 89' lang='lat' dir='ltr'><strong>se</strong></span> <span class='ocrx_word' id='word_1_21' title='bbox 773 547 956 590; x_wconf 86' lang='lat' dir='ltr'><strong>ostendit</strong></span> <span class='ocrx_word' id='word_1_22' title='bbox 971 548 1090 591; x_wconf 89' lang='lat' dir='ltr'><strong>eunti</strong></span> 
     </span>
     <span class='ocr_line' id='line_1_5' title="bbox 146 618 1195 679; baseline 0.005 -19"><span class='ocrx_word' id='word_1_23' title='bbox 146 618 272 660; x_wconf 89' lang='lat' dir='ltr'><strong>More</strong></span> <span class='ocrx_word' id='word_1_24' title='bbox 293 618 398 661; x_wconf 87' lang='lat' dir='ltr'><strong>nivis</strong></span> <span class='ocrx_word' id='word_1_25' title='bbox 417 619 622 662; x_wconf 77' lang='lat' dir='ltr'><strong>candens:</strong></span> <span class='ocrx_word' id='word_1_26' title='bbox 653 620 766 664; x_wconf 89' lang='lat' dir='ltr'><strong>illinc</strong></span> <span class='ocrx_word' id='word_1_27' title='bbox 785 636 884 678; x_wconf 85' lang='lat' dir='ltr'><strong>quae</strong></span> <span class='ocrx_word' id='word_1_28' title='bbox 902 622 1064 679; x_wconf 82' lang='lat' dir='ltr'>prosilit</span> <span class='ocrx_word' id='word_1_29' title='bbox 1079 623 1195 665; x_wconf 83' lang='lat' dir='ltr'><strong>unda</strong></span> 
     </span>
     <span class='ocr_line' id='line_1_6' title="bbox 146 691 1216 752; baseline 0.007 -20"><span class='ocrx_word' id='word_1_30' title='bbox 146 691 318 733; x_wconf 84' lang='lat' dir='ltr'><strong>saevum</strong></span> <span class='ocrx_word' id='word_1_31' title='bbox 335 691 420 734; x_wconf 90' lang='lat' dir='ltr'><strong>olet</strong></span> <span class='ocrx_word' id='word_1_32' title='bbox 438 702 482 735; x_wconf 91' lang='lat' dir='ltr'><strong>et</strong></span> <span class='ocrx_word' id='word_1_33' title='bbox 501 708 623 736; x_wconf 91' lang='lat' dir='ltr'><strong>sensu</strong></span> <span class='ocrx_word' id='word_1_34' title='bbox 644 703 851 737; x_wconf 77' lang='lat' dir='ltr'><strong>tentantes</strong></span> <span class='ocrx_word' id='word_1_35' title='bbox 871 705 1040 752; x_wconf 86' lang='lat' dir='ltr'><strong>torquet</strong></span> <span class='ocrx_word' id='word_1_36' title='bbox 1059 711 1216 739; x_wconf 80' lang='lat' dir='ltr'><strong>amaro.</strong></span> 
     </span>
     <span class='ocr_line' id='line_1_7' title="bbox 146 763 1143 815; baseline 0.006 -10"><span class='ocrx_word' id='word_1_37' title='bbox 146 763 231 815; x_wconf 81' lang='lat' dir='ltr'><strong>Qui</strong></span> <span class='ocrx_word' id='word_1_38' title='bbox 250 764 391 807; x_wconf 84' lang='lat' dir='ltr'><strong>vineta</strong></span> <span class='ocrx_word' id='word_1_39' title='bbox 409 765 554 809; x_wconf 88' lang='lat' dir='ltr'><strong>colunt</strong></span> <span class='ocrx_word' id='word_1_40' title='bbox 573 767 811 810; x_wconf 78' lang='lat' dir='ltr'><strong>circumsita</strong></span> <span class='ocrx_word' id='word_1_41' title='bbox 828 767 1000 811; x_wconf 91' lang='lat' dir='ltr'><strong>luminis</strong></span> <span class='ocrx_word' id='word_1_42' title='bbox 1019 769 1143 811; x_wconf 87' lang='lat' dir='ltr'><strong>orbes</strong></span> 
     </span>
     <span class='ocr_line' id='line_1_8' title="bbox 145 837 1348 898; baseline 0.005 -18"><span class='ocrx_word' id='word_1_43' title='bbox 145 837 230 880; x_wconf 88' lang='lat' dir='ltr'><strong>His</strong></span> <span class='ocrx_word' id='word_1_44' title='bbox 248 838 510 882; x_wconf 71' lang='lat' dir='ltr'>medicantur</span> <span class='ocrx_word' id='word_1_45' title='bbox 527 840 658 898; x_wconf 82' lang='lat' dir='ltr'><strong>aquis.</strong></span> <span class='ocrx_word' id='word_1_46' title='bbox 682 839 694 843; x_wconf 68' lang='grc'><strong><em>’</em></strong></span> <span class='ocrx_word' id='word_1_47' title='bbox 710 841 839 892; x_wconf 85' lang='lat' dir='ltr'><strong>Queis</strong></span> <span class='ocrx_word' id='word_1_48' title='bbox 857 856 960 884; x_wconf 85' lang='lat' dir='ltr'><strong>cura</strong></span> <span class='ocrx_word' id='word_1_49' title='bbox 978 851 1041 884; x_wconf 85' lang='lat' dir='ltr'><strong>est</strong></span> <span class='ocrx_word' id='word_1_50' title='bbox 1060 843 1148 886; x_wconf 82' lang='lat' dir='ltr'><strong>sola</strong></span> <span class='ocrx_word' id='word_1_51' title='bbox 1165 843 1348 896; x_wconf 82' lang='lat' dir='ltr'><strong>lavandi,</strong></span> 
     </span>
     <span class='ocr_line' id='line_1_9' title="bbox 143 913 1151 975; baseline 0.005 -21"><span class='ocrx_word' id='word_1_52' title='bbox 143 913 282 955; x_wconf 74' lang='lat' dir='ltr'><strong>Anus</strong></span> <span class='ocrx_word' id='word_1_53' title='bbox 301 922 351 956; x_wconf 88' lang='lat' dir='ltr'><strong>ut</strong></span> <span class='ocrx_word' id='word_1_54' title='bbox 370 913 532 971; x_wconf 92' lang='lat' dir='ltr'><strong>liquido</strong></span> <span class='ocrx_word' id='word_1_55' title='bbox 550 915 742 972; x_wconf 86' lang='lat' dir='ltr'><strong>perfusos</strong></span> <span class='ocrx_word' id='word_1_56' title='bbox 760 915 934 958; x_wconf 89' lang='lat' dir='ltr'><strong>flumine</strong></span> <span class='ocrx_word' id='word_1_57' title='bbox 952 926 1151 975; x_wconf 89' lang='lat' dir='ltr'><strong>purgent,</strong></span> 
     </span>
     <span class='ocr_line' id='line_1_10' title="bbox 143 986 1248 1048; baseline 0.005 -19"><span class='ocrx_word' id='word_1_58' title='bbox 143 986 207 1029; x_wconf 92' lang='lat' dir='ltr'><strong>Hi</strong></span> <span class='ocrx_word' id='word_1_59' title='bbox 227 1002 461 1045; x_wconf 78' lang='lat' dir='ltr'><strong>compressa</strong></span> <span class='ocrx_word' id='word_1_60' title='bbox 481 989 600 1046; x_wconf 83' lang='lat' dir='ltr'><strong>prius</strong></span> <span class='ocrx_word' id='word_1_61' title='bbox 617 989 806 1032; x_wconf 88' lang='lat' dir='ltr'><strong>ciliorum</strong></span> <span class='ocrx_word' id='word_1_62' title='bbox 826 990 1012 1048; x_wconf 84' lang='lat' dir='ltr'><strong>tegmina</strong></span> <span class='ocrx_word' id='word_1_63' title='bbox 1029 991 1248 1044; x_wconf 83' lang='lat' dir='ltr'><strong>claudunt,</strong></span> 
     </span>
     <span class='ocr_line' id='line_1_11' title="bbox 142 1061 1358 1121; baseline 0.004 -19"><span class='ocrx_word' id='word_1_64' title='bbox 142 1061 292 1117; x_wconf 83' lang='lat' dir='ltr'>Atque</span> <span class='ocrx_word' id='word_1_65' title='bbox 311 1061 372 1104; x_wconf 81' lang='lat' dir='ltr'><strong>ita</strong></span> <span class='ocrx_word' id='word_1_66' title='bbox 391 1077 434 1104; x_wconf 89' lang='lat' dir='ltr'><strong>se</strong></span> <span class='ocrx_word' id='word_1_67' title='bbox 452 1062 709 1120; x_wconf 89' lang='lat' dir='ltr'><strong>immergunt</strong></span> <span class='ocrx_word' id='word_1_68' title='bbox 727 1063 911 1121; x_wconf 89' lang='lat' dir='ltr'>limphis,</span> <span class='ocrx_word' id='word_1_69' title='bbox 931 1079 985 1106; x_wconf 89' lang='lat' dir='ltr'><strong>ne</strong></span> <span class='ocrx_word' id='word_1_70' title='bbox 1003 1072 1186 1107; x_wconf 83' lang='lat' dir='ltr'><strong>transeat</strong></span> <span class='ocrx_word' id='word_1_71' title='bbox 1203 1065 1358 1107; x_wconf 88' lang='lat' dir='ltr'><strong>humor</strong></span> 
     </span>
     <span class='ocr_line' id='line_1_12' title="bbox 144 1132 1328 1192; baseline 0.004 -17"><span class='ocrx_word' id='word_1_72' title='bbox 144 1132 353 1186; x_wconf 79' lang='lat' dir='ltr'><strong>Claustra,</strong></span> <span class='ocrx_word' id='word_1_73' title='bbox 374 1134 599 1192; x_wconf 70' lang='lat' dir='ltr'><strong>rigensque</strong></span> <span class='ocrx_word' id='word_1_74' title='bbox 617 1135 761 1178; x_wconf 79' lang='lat' dir='ltr'><strong>oculos</strong></span> <span class='ocrx_word' id='word_1_75' title='bbox 779 1135 910 1178; x_wconf 83' lang='lat' dir='ltr'><strong>oculis</strong></span> <span class='ocrx_word' id='word_1_76' title='bbox 929 1136 983 1179; x_wconf 91' lang='lat' dir='ltr'><strong>sit</strong></span> <span class='ocrx_word' id='word_1_77' title='bbox 1000 1152 1127 1179; x_wconf 82' lang='lat' dir='ltr'><strong>causa</strong></span> <span class='ocrx_word' id='word_1_78' title='bbox 1143 1137 1328 1180; x_wconf 90' lang='lat' dir='ltr'><strong>dolendi.</strong></span> 
     </span>
     <span class='ocr_line' id='line_1_13' title="bbox 142 1207 1047 1266; baseline 0.002 -17"><span class='ocrx_word' id='word_1_79' title='bbox 142 1208 202 1249; x_wconf 88' lang='lat' dir='ltr'><strong>At</strong></span> <span class='ocrx_word' id='word_1_80' title='bbox 220 1207 375 1265; x_wconf 79' lang='lat' dir='ltr'><strong>quibus</strong></span> <span class='ocrx_word' id='word_1_81' title='bbox 394 1208 558 1265; x_wconf 83' lang='lat' dir='ltr'><strong>objecta</strong></span> <span class='ocrx_word' id='word_1_82' title='bbox 575 1208 708 1266; x_wconf 85' lang='lat' dir='ltr'><strong>nigrae</strong></span> <span class='ocrx_word' id='word_1_83' title='bbox 727 1207 903 1266; x_wconf 78' lang='lat' dir='ltr'><strong>ealigine</strong></span> <span class='ocrx_word' id='word_1_84' title='bbox 921 1209 1047 1251; x_wconf 89' lang='lat' dir='ltr'><strong>nubis</strong></span> 
     </span>
     <span class='ocr_line' id='line_1_14' title="bbox 143 1281 1208 1340; baseline 0.003 -17"><span class='ocrx_word' id='word_1_85' title='bbox 143 1281 330 1324; x_wconf 80' lang='lat' dir='ltr'><strong>Lumina</strong></span> <span class='ocrx_word' id='word_1_86' title='bbox 347 1281 446 1325; x_wconf 82' lang='lat' dir='ltr'><strong>laesa</strong></span> <span class='ocrx_word' id='word_1_87' title='bbox 463 1282 622 1335; x_wconf 88' lang='lat' dir='ltr'><strong>dolent,</strong></span> <span class='ocrx_word' id='word_1_88' title='bbox 642 1291 685 1325; x_wconf 89' lang='lat' dir='ltr'><strong>et</strong></span> <span class='ocrx_word' id='word_1_89' title='bbox 703 1298 800 1340; x_wconf 87' lang='lat' dir='ltr'><strong>quae</strong></span> <span class='ocrx_word' id='word_1_90' title='bbox 820 1298 863 1325; x_wconf 90' lang='lat' dir='ltr'><strong>se</strong></span> <span class='ocrx_word' id='word_1_91' title='bbox 881 1298 1033 1325; x_wconf 79' lang='lat' dir='ltr'><strong>cornea</strong></span> <span class='ocrx_word' id='word_1_92' title='bbox 1051 1284 1208 1326; x_wconf 89' lang='lat' dir='ltr'><strong>circum</strong></span> 
     </span>
     <span class='ocr_line' id='line_1_15' title="bbox 143 1355 1091 1414; baseline 0.003 -18"><span class='ocrx_word' id='word_1_93' title='bbox 143 1355 247 1397; x_wconf 88' lang='lat' dir='ltr'><strong>Fert</strong></span> <span class='ocrx_word' id='word_1_94' title='bbox 265 1355 408 1398; x_wconf 88' lang='lat' dir='ltr'><strong>oculos</strong></span> <span class='ocrx_word' id='word_1_95' title='bbox 425 1372 563 1399; x_wconf 84' lang='lat' dir='ltr'><strong>crasso</strong></span> <span class='ocrx_word' id='word_1_96' title='bbox 581 1356 782 1414; x_wconf 83' lang='lat' dir='ltr'><strong>turgescit</strong></span> <span class='ocrx_word' id='word_1_97' title='bbox 799 1356 951 1399; x_wconf 89' lang='lat' dir='ltr'><strong>vellere</strong></span> <span class='ocrx_word' id='word_1_98' title='bbox 970 1357 1091 1409; x_wconf 71' lang='lat' dir='ltr'><strong>fibra,</strong></span> 
     </span>
     <span class='ocr_line' id='line_1_16' title="bbox 143 1428 1231 1489; baseline 0.005 -20"><span class='ocrx_word' id='word_1_99' title='bbox 143 1429 239 1470; x_wconf 89' lang='lat' dir='ltr'><strong>Hos</strong></span> <span class='ocrx_word' id='word_1_100' title='bbox 249 1428 376 1486; x_wconf 84' lang='lat' dir='ltr'><strong>juvat</strong></span> <span class='ocrx_word' id='word_1_101' title='bbox 393 1429 463 1472; x_wconf 90' lang='lat' dir='ltr'><strong>ille</strong></span> <span class='ocrx_word' id='word_1_102' title='bbox 479 1430 607 1482; x_wconf 82' lang='lat' dir='ltr'><strong>latex,</strong></span> <span class='ocrx_word' id='word_1_103' title='bbox 627 1431 692 1473; x_wconf 88' lang='lat' dir='ltr'><strong>his</strong></span> <span class='ocrx_word' id='word_1_104' title='bbox 710 1431 774 1473; x_wconf 83' lang='lat' dir='ltr'><strong>fas</strong></span> <span class='ocrx_word' id='word_1_105' title='bbox 794 1439 1023 1489; x_wconf 87' lang='lat' dir='ltr'><strong>tutumque</strong></span> <span class='ocrx_word' id='word_1_106' title='bbox 1039 1440 1231 1489; x_wconf 59' lang='lat' dir='ltr'><strong>patentes</strong></span> 
     </span>
     <span class='ocr_line' id='line_1_17' title="bbox 142 1502 1204 1563; baseline 0.005 -20"><span class='ocrx_word' id='word_1_107' title='bbox 142 1502 387 1546; x_wconf 84' lang='lat' dir='ltr'><strong>Immersare</strong></span> <span class='ocrx_word' id='word_1_108' title='bbox 403 1519 555 1562; x_wconf 84' lang='lat' dir='ltr'><strong>genas:</strong></span> <span class='ocrx_word' id='word_1_109' title='bbox 586 1505 743 1547; x_wconf 87' lang='lat' dir='ltr'><strong>cedunt</strong></span> <span class='ocrx_word' id='word_1_110' title='bbox 761 1514 969 1548; x_wconf 73' lang='lat' dir='ltr'><strong>tormenta</strong></span> <span class='ocrx_word' id='word_1_111' title='bbox 986 1505 1204 1563; x_wconf 87' lang='lat' dir='ltr'><strong>dolorque,</strong></span> 
     </span>
     <span class='ocr_line' id='line_1_18' title="bbox 143 1575 1242 1637; baseline 0.003 -19"><span class='ocrx_word' id='word_1_112' title='bbox 143 1575 203 1619; x_wconf 88' lang='lat' dir='ltr'><strong>Et</strong></span> <span class='ocrx_word' id='word_1_113' title='bbox 221 1576 304 1619; x_wconf 85' lang='lat' dir='ltr'><strong>cito</strong></span> <span class='ocrx_word' id='word_1_114' title='bbox 323 1578 495 1621; x_wconf 90' lang='lat' dir='ltr'><strong>morbus</strong></span> <span class='ocrx_word' id='word_1_115' title='bbox 513 1579 602 1622; x_wconf 87' lang='lat' dir='ltr'><strong>abit</strong></span> <span class='ocrx_word' id='word_1_116' title='bbox 619 1579 782 1622; x_wconf 83' lang='lat' dir='ltr'><strong>medico</strong></span> <span class='ocrx_word' id='word_1_117' title='bbox 800 1578 1003 1637; x_wconf 87' lang='lat' dir='ltr'><strong>depulsus</strong></span> <span class='ocrx_word' id='word_1_118' title='bbox 1020 1579 1075 1622; x_wconf 83' lang='lat' dir='ltr'><strong>ab</strong></span> <span class='ocrx_word' id='word_1_119' title='bbox 1093 1579 1242 1622; x_wconf 76' lang='lat' dir='ltr'><strong>imbre.</strong></span> 
     </span>
    </p>
   </div>
   <div class='ocr_carea' id='block_1_3' title="bbox 571 1787 1021 1836">
    <p class='ocr_par' dir='ltr' id='par_1_4' title="bbox 571 1787 1021 1836">
     <span class='ocr_line' id='line_1_19' title="bbox 571 1787 1021 1836; baseline 0.002 -1"><span class='ocrx_word' id='word_1_120' title='bbox 571 1811 574 1814; x_wconf 97' lang='lat'>·</span> <span class='ocrx_word' id='word_1_121' title='bbox 600 1787 902 1836; x_wconf 90' lang='lat' dir='ltr'>TITULUS</span> <span class='ocrx_word' id='word_1_122' title='bbox 936 1787 1021 1836; x_wconf 89' lang='lat' dir='ltr'><strong>CI.</strong></span> 
     </span>
    </p>
   </div>
   <div class='ocr_carea' id='block_1_4' title="bbox 617 1913 999 1952">
    <p class='ocr_par' dir='ltr' id='par_1_5' title="bbox 617 1913 999 1952">
     <span class='ocr_line' id='line_1_20' title="bbox 617 1913 999 1952; baseline 0 -1"><span class='ocrx_word' id='word_1_123' title='bbox 617 1913 693 1951; x_wconf 86' lang='lat' dir='ltr'><strong>DE</strong></span> <span class='ocrx_word' id='word_1_124' title='bbox 721 1913 999 1952; x_wconf 85' lang='lat' dir='ltr'><strong>SANITATE.</strong></span> 
     </span>
    </p>
   </div>
   <div class='ocr_carea' id='block_1_5' title="bbox 145 2009 1258 2357">
    <p class='ocr_par' dir='ltr' id='par_1_6' title="bbox 145 2009 1258 2357">
     <span class='ocr_line' id='line_1_21' title="bbox 499 2009 1133 2066; baseline 0 -16"><span class='ocrx_word' id='word_1_125' title='bbox 499 2022 535 2050; x_wconf 86' lang='lat'><strong>1.</strong></span> <span class='ocrx_word' id='word_1_126' title='bbox 554 2009 752 2066; x_wconf 61' lang='grc' dir='ltr'><strong>δον-ἥρων</strong></span> <span class='ocrx_word' id='word_1_127' title='bbox 770 2010 894 2051; x_wconf 67' lang='lat' dir='ltr'><strong>aurei</strong></span> <span class='ocrx_word' id='word_1_128' title='bbox 912 2010 1133 2051; x_wconf 76' lang='lat' dir='ltr'><strong>carminis.</strong></span> 
     </span>
     <span class='ocr_line' id='line_1_22' title="bbox 203 2081 1258 2140; baseline -0.001 -15"><span class='ocrx_word' id='word_1_129' title='bbox 203 2081 401 2140; x_wconf 88' lang='lat' dir='ltr'><strong>Corporis</strong></span> <span class='ocrx_word' id='word_1_130' title='bbox 419 2081 576 2123; x_wconf 80' lang='lat' dir='ltr'><strong>interea</strong></span> <span class='ocrx_word' id='word_1_131' title='bbox 593 2096 812 2138; x_wconf 80' lang='lat' dir='ltr'><strong>nunquam</strong></span> <span class='ocrx_word' id='word_1_132' title='bbox 830 2089 1048 2123; x_wconf 79' lang='lat' dir='ltr'><strong>contemne</strong></span> <span class='ocrx_word' id='word_1_133' title='bbox 1067 2081 1258 2124; x_wconf 81' lang='lat' dir='ltr'><strong>salutem.</strong></span> 
     </span>
     <span class='ocr_line' id='line_1_23' title="bbox 147 2154 1188 2212; baseline -0.002 -14"><span class='ocrx_word' id='word_1_134' title='bbox 147 2155 211 2199; x_wconf 86' lang='lat' dir='ltr'><strong>Sit</strong></span> <span class='ocrx_word' id='word_1_135' title='bbox 229 2155 380 2198; x_wconf 90' lang='lat' dir='ltr'><strong>modus</strong></span> <span class='ocrx_word' id='word_1_136' title='bbox 397 2155 442 2197; x_wconf 85' lang='lat' dir='ltr'><strong>&#39;m</strong></span> <span class='ocrx_word' id='word_1_137' title='bbox 459 2164 580 2212; x_wconf 90' lang='lat' dir='ltr'><strong>potu,</strong></span> <span class='ocrx_word' id='word_1_138' title='bbox 600 2154 795 2212; x_wconf 80' lang='lat' dir='ltr'><strong>dapibus,</strong></span> <span class='ocrx_word' id='word_1_139' title='bbox 813 2154 1007 2212; x_wconf 84' lang='lat' dir='ltr'><strong>duroque</strong></span> <span class='ocrx_word' id='word_1_140' title='bbox 1024 2154 1188 2197; x_wconf 83' lang='lat' dir='ltr'><strong>labore:</strong></span> 
     </span>
     <span class='ocr_line' id='line_1_24' title="bbox 145 2227 1162 2285; baseline -0.001 -14"><span class='ocrx_word' id='word_1_141' title='bbox 145 2229 271 2280; x_wconf 84' lang='lat' dir='ltr'><strong>Quod</strong></span> <span class='ocrx_word' id='word_1_142' title='bbox 291 2228 430 2271; x_wconf 83' lang='lat' dir='ltr'><strong>doleat</strong></span> <span class='ocrx_word' id='word_1_143' title='bbox 448 2228 594 2280; x_wconf 78' lang='lat' dir='ltr'><strong>vitare,</strong></span> <span class='ocrx_word' id='word_1_144' title='bbox 614 2227 766 2270; x_wconf 86' lang='lat' dir='ltr'><strong>modus</strong></span> <span class='ocrx_word' id='word_1_145' title='bbox 782 2243 849 2270; x_wconf 92' lang='lat' dir='ltr'><strong>me</strong></span> <span class='ocrx_word' id='word_1_146' title='bbox 862 2227 1008 2285; x_wconf 87' lang='lat' dir='ltr'><strong>judice</strong></span> <span class='ocrx_word' id='word_1_147' title='bbox 1026 2244 1162 2271; x_wconf 89' lang='lat' dir='ltr'><strong>verus.</strong></span> 
     </span>
     <span class='ocr_line' id='line_1_25' title="bbox 147 2299 1043 2357; baseline -0.002 -13"><span class='ocrx_word' id='word_1_148' title='bbox 147 2301 328 2344; x_wconf 77' lang='lat' dir='ltr'><strong>Delicias</strong></span> <span class='ocrx_word' id='word_1_149' title='bbox 346 2317 454 2354; x_wconf 82' lang='lat' dir='ltr'><strong>aree,</strong></span> <span class='ocrx_word' id='word_1_150' title='bbox 474 2310 694 2343; x_wconf 86' lang='lat' dir='ltr'><strong>contentus</strong></span> <span class='ocrx_word' id='word_1_151' title='bbox 713 2299 898 2357; x_wconf 88' lang='lat' dir='ltr'><strong>simplice</strong></span> <span class='ocrx_word' id='word_1_152' title='bbox 915 2300 1043 2343; x_wconf 84' lang='lat' dir='ltr'><strong>victu.</strong></span> 
     </span>
    </p>
   </div>
   <div class='ocr_carea' id='block_1_6' title="bbox 441 2450 1184 2607">
    <p class='ocr_par' dir='ltr' id='par_1_7' title="bbox 441 2450 1184 2607">
     <span class='ocr_line' id='line_1_26' title="bbox 587 2450 1048 2530; baseline -0.002 -31"><span class='ocrx_word' id='word_1_153' title='bbox 587 2450 893 2500; x_wconf 88' lang='lat' dir='ltr'>TITULUS</span> <span class='ocrx_word' id='word_1_154' title='bbox 928 2450 1048 2530; x_wconf 54' lang='lat' dir='ltr'><strong>CII.⁸</strong></span> 
     </span>
     <span class='ocr_line' id='line_1_27' title="bbox 441 2567 1184 2607; baseline -0.003 0"><span class='ocrx_word' id='word_1_155' title='bbox 441 2569 516 2607; x_wconf 76' lang='lat' dir='ltr'><strong>DE</strong></span> <span class='ocrx_word' id='word_1_156' title='bbox 544 2569 771 2607; x_wconf 81' lang='lat' dir='ltr'>MEDICIS</span> <span class='ocrx_word' id='word_1_157' title='bbox 801 2567 872 2605; x_wconf 82' lang='lat' dir='ltr'><strong>ET</strong></span> <span class='ocrx_word' id='word_1_158' title='bbox 898 2568 1184 2606; x_wconf 76' lang='lat' dir='ltr'><strong>MnnlclNA.</strong></span> 
     </span>
    </p>
   </div>
   <div class='ocr_carea' id='block_1_7' title="bbox 151 2661 1340 2866">
    <p class='ocr_par' dir='ltr' id='par_1_8' title="bbox 151 2661 1340 2866">
     <span class='ocr_line' id='line_1_28' title="bbox 672 2661 958 2703; baseline -0.003 0"><span class='ocrx_word' id='word_1_159' title='bbox 672 2674 709 2703; x_wconf 86' lang='lat'><strong>1.</strong></span> <span class='ocrx_word' id='word_1_160' title='bbox 732 2661 958 2702; x_wconf 67' lang='lat' dir='ltr'><strong>Homerus.</strong></span> 
     </span>
     <span class='ocr_line' id='line_1_29' title="bbox 207 2733 1340 2792; baseline -0.003 -15"><span class='ocrx_word' id='word_1_161' title='bbox 207 2737 402 2792; x_wconf 82' lang='lat' dir='ltr'><strong>Namque</strong></span> <span class='ocrx_word' id='word_1_162' title='bbox 420 2734 522 2777; x_wconf 83' lang='lat' dir='ltr'><strong>alios</strong></span> <span class='ocrx_word' id='word_1_163' title='bbox 540 2734 663 2792; x_wconf 85' lang='lat' dir='ltr'><strong>longe</strong></span> <span class='ocrx_word' id='word_1_164' title='bbox 682 2733 868 2776; x_wconf 86' lang='lat' dir='ltr'><strong>medicus</strong></span> <span class='ocrx_word' id='word_1_165' title='bbox 886 2733 1164 2790; x_wconf 89' lang='lat' dir='ltr'><strong>supereminet</strong></span> <span class='ocrx_word' id='word_1_166' title='bbox 1182 2747 1340 2784; x_wconf 61' lang='lat' dir='ltr'><strong>omnes,</strong></span> 
     </span>
     <span class='ocr_line' id='line_1_30' title="bbox 151 2805 1229 2866; baseline -0.004 -15"><span class='ocrx_word' id='word_1_167' title='bbox 151 2809 247 2851; x_wconf 87' lang='lat' dir='ltr'><strong>Sive</strong></span> <span class='ocrx_word' id='word_1_168' title='bbox 266 2824 373 2866; x_wconf 86' lang='lat' dir='ltr'><strong>opus</strong></span> <span class='ocrx_word' id='word_1_169' title='bbox 390 2817 451 2850; x_wconf 88' lang='lat' dir='ltr'><strong>est</strong></span> <span class='ocrx_word' id='word_1_170' title='bbox 470 2807 623 2858; x_wconf 85' lang='lat' dir='ltr'><strong>herbis,</strong></span> <span class='ocrx_word' id='word_1_171' title='bbox 643 2822 717 2849; x_wconf 85' lang='lat' dir='ltr'><strong>seu</strong></span> <span class='ocrx_word' id='word_1_172' title='bbox 737 2806 857 2849; x_wconf 88' lang='lat' dir='ltr'><strong>vulso</strong></span> <span class='ocrx_word' id='word_1_173' title='bbox 876 2822 899 2848; x_wconf 91' lang='lat' dir='ltr'><strong>e</strong></span> <span class='ocrx_word' id='word_1_174' title='bbox 919 2806 1090 2848; x_wconf 89' lang='lat' dir='ltr'><strong>vulnere</strong></span> <span class='ocrx_word' id='word_1_175' title='bbox 1107 2805 1229 2848; x_wconf 86' lang='lat' dir='ltr'><strong>ferro.</strong></span> 
     </span>
    </p>
   </div>
  </div>
 </body>
</html>
