1780 3178
383 238 441 282 94
785 224 1047 274 10ANN18
1080 227 1319 271 s'ronffl

378 339 491 382 Mihi
513 339 728 398 contingat
747 355 944 398 superare
963 341 1160 386 modum:

377 411 545 471 Quippe
564 413 726 456 infestae
744 412 874 459 livore
894 413 985 456 viae.

813 498 878 541 27.
903 487 1019 529 Idem
1040 489 1272 546 Ispigvnis.

433 559 631 601 Pressum
653 558 786 601 solent
806 559 936 601 livore
953 575 1143 603 rumores
1162 560 1262 603 mali

376 633 430 674 In
449 648 579 690 prava
598 631 740 690 potius
760 632 940 686 trahere,
962 649 1091 693 quam
1107 634 1151 676 in
1171 635 1273 677 recti
1293 635 1415 679 viam.

647 707 851 750 Lucilius.
877 705 1073 764 [Anthol.
1097 708 1187 752 Pal.
1212 710 1294 752 XI.
1321 709 1438 768 192.]

291 779 294 781 ’
375 779 486 821 Cum
506 794 630 822 cruce
649 780 834 823 vicinum
853 781 928 839 figi
948 782 1106 840 majore
1126 783 1288 827 videret

431 854 567 905 Quam
589 869 676 896 sese
697 854 914 913 Diophon,
937 856 1076 900 tabuit
1095 857 1264 900 invidia.

942 931 1151 973 Incertus.

431 1000 598 1044 Invidia
616 1001 707 1059 ipsa
726 1002 812 1044 suis
832 1003 1094 1050 eonsumitur
1115 1004 1304 1063 undique
1325 1006 1429 1050 telis.

642 1075 844 1118 Incertus.
870 1074 1068 1132 [Anthol.
1092 1077 1183 1120 Pal.
1207 1078 1289 1121 XI.
1317 1081 1433 1139 193.]

371 1147 556 1190 Pessima
574 1163 640 1190 res
659 1148 790 1192 livor:
824 1149 898 1192 sed
917 1150 1045 1193 habet
1064 1151 1276 1196 laudabile
1295 1154 1515 1211 quiddam,

427 1220 597 1263 Liventi
612 1222 729 1279 quod
748 1234 826 1265 cor'
838 1223 980 1266 exedit
999 1233 1128 1282 atque
1147 1225 1301 1268 oculos.

658 1296 875 1339 Palladas.
901 1295 1101 1352 [Anthol.
1125 1298 1215 1340 Pal.
1240 1300 1301 1341 X.
1322 1301 1417 1359 51.]

371 1365 569 1408 Invidear
587 1367 742 1425 potius,
764 1384 893 1426 quam
914 1370 991 1412 sim
1011 1369 1271 1423 miserabilis,
1292 1372 1447 1431 inquit·

427 1438 647 1483 Pindarus.
699 1435 942 1495 Excellunt,
963 1459 1070 1501 quos
1090 1445 1197 1502 petit
1215 1446 1383 1489 invidia.

369 1512 556 1556 Pessima
574 1524 792 1573 perpessos
810 1517 1114 1561 miserescimus
1131 1536 1140 1561 :
1174 1529 1238 1563 ast
1257 1535 1338 1578 ego
1355 1521 1477 1564 felix·

426 1588 516 1630 Nec
536 1588 727 1642 nimium,
749 1590 927 1633 nimium
947 1607 1024 1635 nec
1043 1593 1169 1636 miser
1188 1609 1276 1637 esse
1295 1595 1432 1638 velim.

367 1661 541 1719 Optima
559 1678 624 1705 res
643 1664 795 1706 modus
815 1675 900 1708 est:
934 1666 1107 1710 summis
1127 1667 1250 1711 affine
1267 1670 1494 1727 periclum:

426 1736 577 1779 Infima
595 1746 853 1781 contemtum
874 1740 1193 1801 ludibriumque
1212 1743 1366 1786 ferunt.

699 1813 829 1854 Idem.
854 1811 1056 1869 [Anthol.
1079 1815 1173 1858 Pal.
1195 1817 1258 1859 X.
1279 1818 1371 1875 90.]

425 1884 464 1926 O
486 1899 650 1926 summa
668 1884 819 1927 mentis
837 1885 993 1928 invidae
1012 1886 1263 1943 perversitas
1280 1906 1289 1930 :

367 1956 470 1998 Odit
489 1957 632 1999 beatos
651 1957 834 2011 invidus,
856 1974 973 2002 caros
992 1961 1099 2003 Deo.

364 2030 430 2072 Ita
448 2045 558 2072 caeca
576 2046 652 2073 nos
671 2032 829 2075 invidia
848 2034 1046 2076 vecordes
1065 2035 1176 2093 rapit
1193 2053 1202 2078 :

364 2104 430 2145 Ita
447 2105 733 2162 mancipamus
753 2116 900 2164 sponte
919 2123 996 2150 nos
1014 2109 1219 2152 amentiae.

365 2177 419 2218 In
439 2177 655 2234 pulverem
675 2179 845 2222 redacta
862 2196 966 2238 gens
982 2181 1123 2224 Graeci
1135 2180 1304 2235 sumus,

363 2249 480 2299 Quos
498 2258 762 2292 mortuorum
783 2265 877 2308 spes
895 2252 1177 2310 sepulchrales
1195 2254 1340 2297 fovent
1357 2271 1366 2297 ε

362 2321 492 2363 Versa
510 2331 638 2379 atque
657 2324 907 2367 conturbata
926 2335 1025 2369 sunt
1043 2326 1150 2369 adeo
1167 2328 1321 2370 omnia.

698 2396 822 2437 Idm.
849 2395 1046 2452 [Anthol.
1070 2397 1160 2440 Pal.
1184 2400 1246 2442 X.
1269 2402 1360 2458 91.]

419 2470 696 2526 Prosequitur
714 2471 812 2513 odio
831 2472 1023 2530 quisquis
1042 2474 1285 2518 adamatum
1306 2477 1414 2528 Deo,

363 2541 600 2583 Damnatus
619 2541 689 2584 ille
706 2543 901 2587 maximae
920 2554 983 2588 est
1002 2545 1188 2599 insaniae,

362 2615 504 2657 Deum
524 2616 725 2659 lacessens
741 2619 884 2661 Marte
904 2621 1213 2665 manifestario:

361 2688 470 2729 Iram
491 2699 707 2746 reportans
726 2692 946 2749 praemium
966 2694 1218 2737 invidentiae.

361 2760 421 2801 Et
443 2775 516 2801 nos
536 2761 653 2803 decet
673 2763 845 2820 diligere
863 2765 1036 2809 dilectos
1055 2768 1160 2809 Deo.
