1780 3178
335 278 419 322 194
726 260 983 303 IOANNBS
1015 257 1261 302 STOBAEI
1338 258 1341 263 ’

846 374 887 417 8.
906 373 1159 416 Memmder.

392 450 604 492 Instructa
623 443 777 506 inopia,
798 443 1034 503 miseraque
1053 455 1116 488 est
1134 444 1323 496 felicitas,

335 523 506 566 Divitiae
525 522 721 566 heredem
741 537 839 564 eum
859 535 944 563 non
963 519 1184 562 inveniunt
1205 517 1342 561 Suum.

907 607 949 649 9.
971 592 1097 634 Idem.
1168 623 1169 626 η

392 670 537 727 Major
554 668 749 727 voluptas
767 666 885 711 nulla
903 666 1083 725 genitori
1102 665 1258 716 datur,

334 745 503 788 Virtute
522 758 649 801 quam
671 743 704 785 si
723 742 865 786 videat
883 757 931 784 ae
950 740 1177 799 prudentia

337 818 507 860 Florere
525 831 768 874 quenquam
787 815 843 857 de
862 831 939 858 suo
958 823 1152 857 exortum
1171 821 1282 857 satu.

850 902 915 930 10.
938 889 1167 946 Diogenes.

394 963 554 1004 Beatus
572 921 648 1003 ille
661 960 779 1019 prole
798 960 874 1018 qui
892 959 995 1003 felix
1015 959 1115 1011 fuit,

336 1046 359 1067 ¹
372 1037 556 1081 Nullove
575 1045 686 1086 certe
706 1036 916 1079 indoluit
905 1035 1058 1093 insigni
1078 1033 1201 1077 malo.

716 1218 1020 1268 TITULUS
1054 1215 1294 1286 Lxxvl.

340 1332 459 1372 NON
487 1330 767 1369 EXPEDIRE
795 1329 1016 1367 HABERE
1043 1326 1292 1370 LIBEROS,
1311 1324 1422 1363 NEC
1446 1322 1677 1393 PERTUJE

474 1400 601 1439 ESSE
629 1399 707 1437 AN
737 1399 825 1436 SUI
854 1398 978 1436 SINT
1004 1397 1059 1435 EI
1090 1396 1190 1435 QUI
1218 1393 1542 1433 EXISTIMAT:
1594 1439 1596 1442 Ι
1665 1439 1669 1441 4
1701 1418 1705 1424 .

667 1467 812 1506 QUIN
839 1467 949 1505 NEC
977 1464 1353 1504 ADOPTANDOS.

859 1562 895 1591 1.
917 1548 1172 1591 Menander.

398 1626 489 1666 Res
506 1631 627 1681 patre
645 1621 833 1664 miserior
852 1620 971 1662 nulla
989 1618 1162 1676 reperiri
1181 1626 1335 1676 potest,

342 1698 434 1740 Nisi
453 1704 574 1755 pater
592 1696 698 1738 alter
715 1695 784 1738 cui
804 1694 902 1752 plus
919 1693 1048 1736 fuerit
1065 1691 1254 1734 liberum.

746 1781 784 1812 2.
807 1767 1045 1824 Euripides
1067 1766 1286 1807 OEnomao.

401 1842 647 1900 Ambiguus
665 1840 792 1884 animi
811 1854 978 1883 eernere
996 1837 1113 1880 haud
1134 1837 1251 1880 valeo
1269 1835 1384 1888 satis,

340 1918 415 1959 An
435 1916 488 1958 sit
506 1930 696 1972 propago
714 1913 892 1956 liberum
910 1910 1172 1962 mortalibus,

342 1991 418 2032 An
438 1987 586 2031 sterilis
605 1987 684 2030 aevi
702 1986 790 2030 vita
808 1984 1073 2028 fortunatior.

345 2061 569 2120 Conspicio
588 2061 759 2103 miseros
778 2059 897 2102 nulla
915 2060 1038 2116 queis
1055 2057 1195 2115 proles
1213 2056 1327 2100 domi
1346 2064 1423 2099 est.

308 2151 311 2155 ·
334 2136 432 2179 —Sed
450 2150 527 2178 nec
546 2142 770 2192 parentum
788 2133 923 2190 major
941 2140 1004 2174 est
1022 2131 1221 2175 felicitas:

345 2203 459 2251 Nam
478 2208 570 2250 dira
587 2206 716 2265 pestis
733 2206 921 2248 moribus
938 2205 1078 2263 proles
1095 2204 1226 2247 malis.
1279 2245 1281 2247 ,

347 2281 474 2333 Quod
495 2281 527 2322 si
547 2281 679 2322 bonos
699 2294 787 2322 sors
806 2278 984 2331 dederit,
1004 2279 1085 2321 hoc
1103 2287 1215 2321 certe
1233 2277 1390 2320 malum
1410 2286 1489 2329 est,

347 2354 475 2406 Quod
493 2354 559 2396 his
577 2362 786 2412 parentes,
803 2368 858 2395 ne
876 2352 983 2410 quid
1001 2352 1180 2403 eveniat,
1199 2351 1360 2394 timent.

765 2438 806 2481 3.
826 2425 946 2466 Idem
965 2424 1267 2466 Andromene.

408 2501 518 2541 Sunt
536 2498 674 2541 anima
693 2497 792 2539 nati.
843 2497 929 2548 Qui
946 2497 1150 2555 periclum
1169 2496 1285 2539 haud
1303 2495 1463 2546 fecerit,

351 2571 500 2614 Minus
518 2570 691 2622 dolebit,
711 2570 877 2613 miseria
894 2569 1104 2613 felixsua.

750 2655 792 2696 4.
814 2644 1056 2685 Menander
1071 2643 1281 2700 Epiclero.

753 2716 850 2758 Aut
867 2715 973 2758 orbo
990 2723 1033 2758 et
1051 2714 1186 2757 caelibi

558 2822 574 2839 Χ
591 2818 699 2850 Olim:
726 2819 794 2850 Aut
808 2822 894 2849 certe
909 2817 964 2858 qui
981 2827 1046 2849 non
1064 2826 1200 2857 magnas
1213 2816 1299 2848 luxit
1313 2816 1472 2848 miserias.
1507 2820 1513 2825 ’
