1780 3178
420 192 887 240 FLORILEGIUM.
918 196 1020 240 Tzr.
1047 198 1140 242 126.
1360 211 1445 257 305

113 303 370 362 Mutamque
386 305 553 364 glebam
573 324 675 352 voce
693 309 893 367 probrosa
911 309 1098 368 insequi?

108 379 304 437 Namque
322 380 391 424 ille
410 382 539 426 tristis
557 393 685 442 atque
699 380 879 442 'jucundi
900 385 1055 429 arbiter

109 451 220 493 Cum
241 468 384 496 sensus
403 454 612 499 hominem
633 457 882 500 destitutum
901 457 1084 516 liquerit,

107 525 314 569 Exanime
332 537 460 571 restat
479 544 645 587 corpuS‚
666 539 716 572 ut
735 531 888 573 surdus
904 531 1022 589 lapis.

481 693 782 743 TITULUS
817 694 1053 744 CXXVI.

158 806 464 845 MEMORIAM
492 808 871 846 PLURIMORUM
897 810 931 847 A
958 810 1152 848 MORTE
1181 811 1381 849 STATIM

581 878 951 918 EVANESCERE.
965 907 972 909 e

619 975 654 1004 1.
675 963 925 1020 Euripides.

162 1034 342 1076 Praestat
360 1034 590 1092 sepulchris
605 1050 729 1078 nemo
748 1035 939 1095 umicitiae
957 1036 1099 1079 fidem,

635 1121 676 1153 2.
696 1110 902 1152 Incertus.

161 1180 306 1224 Etiam
325 1182 508 1224 secunda
524 1181 638 1224 fama
655 1181 865 1224 exanimes
883 1182 1047 1225 deserit.

544 1268 588 1312 3.
607 1255 828 1314 Sophocles
846 1256 987 1313 Ajace-

158 1328 201 1390 Ο
220 1343 348 1386 quam
367 1328 553 1371 celeriter
570 1337 667 1370 ante
685 1336 818 1385 partae
836 1327 983 1385 gratiae

104 1400 326 1459 Praecipite
343 1416 479 1443 cassos
496 1400 591 1444 luce
609 1400 844 1443 destituunt
861 1400 982 1457 fuga!

592 1486 638 1527 4.
659 1474 944 1516 Archilochus.

161 1547 299 1590 Nemo
316 1556 412 1605 post
430 1556 607 1590 mortem
627 1547 817 1590 secundis
834 1547 989 1589 civium
1007 1546 1247 1589 rumoribus

104 1620 302 1663 Tollitur.
351 1620 591 1662 Viventium
610 1635 753 1662 omnes
770 1619 948 1677 gratiam
968 1619 1043 1677 qui
1062 1619 1242 1662 vivimus

102 1695 396 1752 Aucupamur.
446 1693 651 1736 Destituti
669 1693 777 1744 luce,
798 1701 1031 1736 tractantur
1050 1692 1170 1735 male.

597 1777 639 1824 5.
661 1767 938 1810 Stesichorus.

159 1840 258 1883 Vita
275 1839 450 1882 carentis
466 1839 651 1882 interivit
668 1839 814 1897 gratia.

611 1917 651 1956 6.
673 1913 924 1971 Euripides.

159 1988 298 2039 Quam
316 1987 450 2030 durus
467 1988 536 2030 hic
554 1996 617 2030 est
635 1976 905 2043 moribusque
923 1984 1155 2042 inhospitis,

102 2063 315 2120 Queisque
332 2078 434 2104 usus
451 2071 548 2105 ante
566 2071 629 2104 est
647 2076 759 2103 nunc
777 2060 1005 2102 amicorum
1024 2058 1255 2100 immemor!

673 2145 712 2189 7.
733 2133 866 2175 Idem.

159 2208 276 2249 Rasa
293 2206 336 2248 in
357 2206 555 2264 sepultos,
574 2220 670 2247 rara
687 2213 730 2247 et
747 2204 792 2246 in
811 2201 1053 2260 superstites

103 2280 231 2323 Fides
247 2279 390 2322 amica.
440 2277 636 2335 Namque
653 2277 751 2335 plus
767 2276 927 2334 pollent
944 2290 1045 2332 opes

103 2353 288 2395 Pietate:
319 2361 362 2394 et
378 2351 452 2394 illa
469 2351 682 2408 quondam
701 2350 746 2391 in
765 2348 896 2391 oculis
914 2347 1050 2405 gratia

104 2425 238 2468 Simul
257 2423 398 2467 interit
416 2439 511 2466 cum
531 2424 661 2466 funus
679 2422 852 2464 effertur
869 2420 1007 2462 domo.

632 2496 671 2537 8.
691 2496 898 2536 Incertus.

161 2570 346 2628 Diesque
364 2569 471 2612 celat
487 2568 628 2611 omnia
644 2575 772 2625 atque
790 2565 1014 2609 oblitterat.

220 2841 316 2869 vol„
340 2840 401 2868 1v.
829 2837 856 2863 Χ
