1780 3178
585 189 1026 234 1N1T10RUM.

74 305 306 361 Δημοσθένης
323 305 447 361 λίγα
463 309 620 361 '37234-

76 365 307 418 Δημοσθένης
326 362 422 405 λοιὸ.
444 375 514 418 19,
526 376 571 415 4.

76 421 307 475 Δημοσθένης
326 423 345 462 6
363 423 418 463 Δ.
436 431 510 475 29,
524 420 596 461 60.

0 507 1 519 ¹
77 478 307 533 Δημοσθένης
326 480 344 518 6
362 477 479 534 ῥῆτωρ
498 491 542 530 4,
551 488 624 532 51.

77 535 308 590 Δημοσθένης
329 537 401 589 ὄρ.
421 537 454 576 3.
474 548 549 591 43,
561 547 658 588 140.

78 592 313 647 Δημοσθένης
330 593 419 648 πρὸς
441 605 510 648 13,
521 604 596 648 32.

80 815 259 873 διαβολὰς
280 823 320 862 οὖ
339 832 412 874 42,
422 834 465 876 9.

81 880 236 930 διαβολη
255 881 333 935 γὰρ
350 879 512 931 42,16.

82 937 236 989 διαβολὴ
258 939 375 991 καιρῷ
392 947 468 988 42,
482 934 524 978 8.

82 993 201 1051 διαίτῃ
221 994 258 1035 δὲ
277 995 340 1045 τὴν
365 1003 433 1047 17,
439 1005 512 1045 44.

83 1051 316 1101 διαλεκτικὴν
335 1050 373 1091 δὲ
394 1050 467 1102 82,
484 1061 551 1091 10.

84 1108 243 1150 διαλύειν
260 1107 384 1162 μέντοι
403 1120 478 1161 44,
491 1118 562 1163 29.

84 1166 144 1206 διὰ
158 1167 223 1216 τὴν
238 1164 373 1221 τέχνην
391 1174 465 1220 37,
482 1177 551 1216 14.

86 1223 148 1263 διὰ
164 1226 273 1264 τοῦτο
293 1225 448 1264 ἐπαινεῖν
469 1233 597 1277 7,17.

87 1279 245 1351 διαφέρει
265 1279 301 1320 δὲ
322 1279 394 1328 θεὸς
417 1292 458 1330 1,
472 1289 543 1335 73.

87 1336 322 1409 διαφερόντως
343 1345 387 1391 7,
397 1346 471 1392 37.

87 1393 310 1443 διδάσκαλος
327 1395 408 1467 γρὶς
430 1405 499 1448 17,
514 1394 559 1436 6.

88 1450 183 1493 δι’δου
203 1449 410 1522 παρρησίαν
429 1452 503 1503 48,
516 1463 589 1507 31.

88 1507 307 1563 διζημένοισι
330 1508 401 1564 98,
412 1509 486 1563 58.

90 1565 217 1608 δίκαια
234 1565 317 1614 τοὺς
340 1575 413 1620 79,
423 1577 494 1608 22.

91 1621 201 1663 δίκαι’
221 1622 323 1674 ἔλεξε
345 1635 416 1677 74,
430 1635 504 1678 3ι.

93 1678 262 1722 δίκαιόν’
248 1696 348 1721 εστιν
367 1682 480 1721 ἐλεειν
498 1681 572 1733 46,
578 1681 649 1722 66.

93 1735 276 1786 δίκαιος
248 1755 294 1779 αν
314 1750 357 1792 9,
371 1751 413 1793 9.

94 1793 271 1844 δίκαιος”
253 1811 339 1852 εςως
356 1805 402 1849 5,
417 1793 486 1848 78

95 1850 326 1893 δικαιότατον
344 1853 507 1907 56,15

96 1909 130 1949 δ”
117 1926 200 1958 ¹¹⁶⁵
220 1908 449 1981 Ὺςσξφόμενος
467 1920 540 1964 79
551 1920 623 1964 32·

97 1964 176 2017 δι’κη
196 1965 264 2021 μέν
282 1968 381 2007 ἐστιν
388 1978 500 2064 “44,6
487 1976 556 2021 15.

98 2021 197 2074 δι’κης
215 2041 279 2064 και
296 2025 425 2078 ἀρετῆς
442 2023 500 2076 46
503 2053 518 2075 ,
531 2031 605 2078 45.

28 2127 30 2130 y
98 2078 197 2131 δι’κης
216 2081 319 2128 κῦδος
341 2090 382 2133 7,
395 2091 468 2136 32.

99 2135 278 2209 Διογένης
301 2149 398 2188 121,
414 2138 484 2180 26.

100 2193 278 2265 Διογξνης
296 2195 403 2236 ἀποδ.
424 2196 497 2245 62,
510 2206 583 2249 47.

101 2250 279 2306 Διογένης
297 2249 444 2293 ἄσώτον
468 2264 535 2307 15,
543 2265 585 2306 9.

102 2308 279 2380 Διογένης
298 2309 477 2350 Ἀττικοῦ
502 2321 569 2364 13,
579 2320 649 2363 25.

103 2365 280 2422 Διογένης
297 2365 404 2422 ἔλεγε
421 2379 466 2418 4,
481 2365 550 2407 86.
568 2377 664 2408 112.
707 2368 801 2418 6,4.

160 2434 232 2478 93>
245 2434 318 2479 35·

105 2479 314 2550 Διογένης’
302 2496 407 2551 ερωτ.
429 2480 500 2535 83,
515 2491 584 2535 23.
624 2491 801 2532 110,20.

106 2541 155 2577 Δι
145 2535 283 2592 ιογένης
303 2535 430 2578 ἐσθίειν
447 2541 490 2589 6,
503 2547 575 2594 53.

107 2593 282 2664 Διογένης
304 2593 366 2647 ἔφη
389 2606 460 2650 23,
472 2607 540 2636 10.

108 2649 325 2706 Διογένης
303 2667 405 2724 ηρετο
431 2663 500 2706 13,
514 2662 586 2707 37.

108 2707 285 2763 Διογένης
303 2706 415 2764 ητησε
434 2709 507 2779 36,
523 2720 593 2751 21.

110 2765 287 2819 Διογένης
307 2774 503 2836 κατεγελα
523 2766 565 2816 6,
576 2777 648 2821 33.

111 2821 287 2876 Διογένης
308 2825 325 2862 ὁ
347 2821 440 2863 undu
463 2823 615 2874 10,61.

112 2879 288 2933 Διογένης
306 2879 404 2920 ὀνειδ.
427 2891 578 2934 95,12.
609 2880 760 2935 97‚26.

112 2936 291 2991 Διογένης
308 2935 406 2978 οὐδὲν
425 2938 467 2988 6,
477 2948 550 2991 52.

843 305 1020 360 Διογένης
1037 301 1160 345 οὐδένα
1180 313 1224 358 7,
1236 302 1304 344 18.

843 361 1020 432 Διογένης
1036 363 1140 417 παρὰ
1157 362 1201 411 6,
1213 360 1287 415 38.

844 419 1022 491 Διογένης
1041 434 1166 489 περιπ.
1191 417 1288 467 108,
1302 426 1374 470 71.

846 475 1022 549 Διογένης
1040 474 1126 532 πρός
1142 492 1228 516 τινα
1247 475 1275 515 6
1280 484 1343 529 ,.5

846 533 1022 590 Διογένης
1041 550 1129 586 προς
1148 549 1210 574 τον
1227 543 1383 588 33,14.

1457 196 1543 244 345

847 591 1023 662 Διογένης
1041 591 1128 645 πρὸς
1148 606 1187 631 τ.
1207 607 1247 632 τ.
1267 606 1308 631 σ.
1332 589 1486 642 100,8.

848 648 1025 704 Διογένης
1043 647 1144 689 πυνθ.
1166 647 1316 702 86,19.
1348 647 1474 702 89,4.

849 705 1025 778 Διογένης
1040 708 1109 753 τοὶς
1129 706 1288 760 6515

850 762 1028 834 Διογένης
1046 764 1109 812 τὴν
1128 771 1201 818 95,
1219 775 1287 817 19.

851 819 1030 890 Διογένης
1049 822 1114 870 τὴν
1132 836 1212 860 τεν.
1233 828 1393 874 95,11.

852 877 1028 935 Διογένης
1045 877 1143 925 τοὺς
1154 889 1221 927 10,
1234 877 1308 931 63.

853 936 1030 991 Διογένης
1049 932 1185 987 ὡμοίου
1213 946 1279 984 10,
1292 936 1366 986 46.

854 995 1016 1042 Διοκλης
1040 1004 1137 1039 100,
1153 992 1223 1034 26.

853 1050 904 1090 διὸ
923 1053 973 1104 μὴ
993 1051 1047 1090 δει
1069 1060 1165 1099 101,
1181 1061 1223 1103 9.

855 1107 1045 1155 Διονύσιος
1064 1115 1109 1162 5,
1121 1107 1196 1158 46.

856 1165 1045 1213 Διονύσιος
1066 1166 1151 1206 ἔτι-ι’.
1178 1175 1276 1214 111,
1289 1175 1355 1220 13.

857 1222 1044 1270 Διονύσιος
1062 1222 1167 1262 Λακ.
1190 1232 1374 1276 29,100.

857 1279 968 1320 Διονύ
947 1295 1047 1327 υσιος
1067 1281 1084 1319 6
1103 1278 1164 1319 τύ.
1188 1290 1258 1334 13,
1269 1280 1343 1334 36.

858 1336 974 1407 διόπερ
995 1339 1130 1393 ῥᾷστον
1151 1347 1222 1391 23,
1231 1349 1274 1392 9.

859 1392 960 1449 διόρα
977 1395 1051 1447 48,
1065 1405 1139 1448 32.

859 1451 900 1491 δι’
921 1469 938 1493 ο
957 1453 1034 1506 χρὴ
1054 1450 1136 1499 τοὺς
1154 1461 1314 1504 70,14.

860 1507 975 1549 Δι’ωνι
994 1511 1048 1565 τῷ
1065 1508 1204 1548 Ἀκαδ.
1230 1521 1297 1563 19,
1312 1521 1378 1563 17.

861 1566 959 1606 δοκεῖ
976 1565 1012 1606 δέ
1031 1581 1094 1618 μοι
1116 1577 1187 1617 22,
1200 1575 1276 1620 45.

861 1624 959 1664 δοκεῖ
975 1623 1010 1664 δὲ
1029 1624 1104 1671 τοῖς
1121 1635 1196 1676 49,
1206 1633 1278 1678 27.

862 1681 960 1721 δοκει
974 1697 1037 1734 μοι
1058 1683 1077 1731 ἡ
1099 1690 1170 1735 97,
1182 1692 1258 1735 31.

863 1738 960 1778 Son?
929 1756 957 1779 ει
977 1754 1040 1790 μοι
1059 1741 1131 1778 τῶν
1153 1746 1277 1804 9,54.

864 1795 992 1836 δοκειτ’
1015 1812 1059 1835 αν·
1081 1796 1189 1835 οιιιεῖν
1207 1807 1283 1850 43,
1299 1807 1370 1838 20.

864 1852 959 1893 δοκῶ
977 1852 1044 1905 μὲν
1063 1861 1138 1907 54,
1148 1864 1220 1895 21.

867 1900 964 1950 δόλοι
984 1910 1020 1950 δὲ
1042 1909 1104 1949 καὶ
1127 1909 1168 1960 8,
1184 1922 1222 1951 ι.

866 1965 954 2017 δόξα
973 1966 1037 2008 καὶ
1056 1970 1215 2014 πλοῦτος
1233 1966 1360 2019 4,82.

866 2022 958 2074 δόξει
977 2040 1032 2071 τις
1051 2025 1188 2076 ἀμαθεῖ
1203 2023 1326 2076 4,,18.

867 2079 969 2132 δόξης
989 2081 1016 2121 δ’
1037 2081 1202 2133 οὐδεμιᾶς
1223 2093 1294 2135 29,
1310 2091 1382 2135 71.

867 2138 923 2186 δὸς
941 2140 1005 2189 τὴν
1021 2137 1141 2195 χάριν
1162 2138 1233 2194 89,
1246 2150 1287 2181 2

867 2193 923 2244 δός
943 2212 978 2236 τι
1002 2208 1069 2246 10,
1080 2207 1153 2251 34.

868 2251 1015 2294 δουλεία
1034 2253 1106 2302 62,
1117 2265 1190 2307 49.

869 2309 1015 2350 δούλεια
1036 2311 1113 2364 γὰρ
1131 2309 1204 2362 48,
1212 2321 1284 2364 59.

869 2366 1046 2408 δουλεύειν
1067 2365 1198 2408 πάθεσι
1219 2367 1261 2417 6,
1274 2378 1348 2421 47.

871 2424 993 2464 δουλοῖ
1009 2425 1086 2479 γὰρ
1108 2437 1210 2479 90‚1
1222 2436 1236 2464 ι
1249 2453 1259 2464 .

871 2481 990 2521 δοῦλοι
1010 2483 1086 2535 γὰρ
1106 2479 1150 2522 ἂν
1166 2493 1240 2533 44,
1251 2491 1327 2536 52.

873 2539 997 2579 δοῦλον
1016 2540 1095 2595 γὰρ
1112 2540 1143 2579 ἐ.
1161 2538 1311 2592 62,38.

873 2595 996 2643 δοῦλος
1015 2597 1220 2650 ἀναγκαῖον
1241 2596 1312 2645 62,
1325 2607 1400 2648 44.

873 2652 997 2700 δοῦλος
1017 2652 1044 2692 δ’
1067 2652 1129 2692 ἐάν
1147 2664 1222 2704 44,
1234 2651 1308 2706 58.

873 2707 1019 2757 δούλους
1039 2712 1116 2763 γὰρ
1138 2708 1178 2749 οὖ
1197 2710 1268 2760 62,
1281 2721 1347 2764 19.

874 2764 990 2821 δούλῳ
1008 2768 1085 2821 γὰρ
1105 2768 1161 2808 62
1163 2778 1228 2821 ,.9

875 2808 990 2877 δούλῳ
1009 2825 1086 2893 γὰρ
1108 2824 1180 2878 οὐχ
1201 2823 1274 2872 62,
1289 2834 1358 2864 21.

876 2864 1052 2920 δούλων
1030 2896 1105 2920 οσοι
1126 2881 1198 2931 62,
1215 2881 1284 2921 16.

877 2934 1001 2992 δράσω
1020 2936 1060 2977 τὸ
1079 2938 1158 2993 γοὶρ
1180 2949 1305 2992 11,9.
