1780 3178
455 222 922 269 FLORILEGIU'M.
953 223 1059 268 Τιτ.
1079 226 1148 283 63.
1386 238 1462 283 143

551 333 626 390 38.
646 332 762 375 Idem
780 332 1045 390 Mdonsppa.

195 406 372 450 Obstare
390 421 511 450 servo
528 420 681 450 nomen
699 405 817 449 haud
834 419 1006 464 aequum
1025 413 1089 448 est
1105 405 1262 463 probo:

139 480 219 523 Est
237 479 408 538 quando
427 480 560 524 virtus
578 479 739 524 famula
755 488 926 539 superat
945 479 1111 523 liberos.

163 551 165 554 ⁴
593 567 664 611 39.
679 553 801 596 Idem
816 552 1007 611 Phrym.

195 629 355 672 Infame
374 629 502 672 servis
519 643 671 671 nomen
689 636 779 671 est:
809 641 928 671 mens
944 627 1110 670 interim

139 704 251 747 Cum
270 703 410 747 liberis
427 703 481 746 sit
500 717 611 761 saepe
628 701 849 745 liberalior.

565 771 570 775 ’
678 787 752 828 40.
771 775 931 818 Alea-is.

196 849 347 892 Ferme
365 863 509 892 omnes
527 848 770 892 servitutem
789 855 1001 906 quotquot
1019 847 1220 899 serviunt,

138 922 227 964 Eos
244 922 509 965 dominorum
528 922 717 966 moribus
733 921 876 965 videas
892 936 1025 980 pares.

138 997 249 1039 Nam
269 997 424 1054 quibus
442 997 690 1055 obsequium
709 1012 872 1055 semper
889 997 1079 1055 praebent
1096 995 1296 1047 moribus

140 1070 223 1113 His
241 1071 331 1129 ipsa
350 1071 519 1114 tandem
538 1086 582 1114 se
600 1079 752 1114 natura
769 1079 1032 1128 attemperat.

525 1157 595 1198 41.
617 1144 855 1202 Eumipides
874 1143 1071 1202 Antiopa.

193 1218 321 1261 Eheu
339 1226 389 1260 ut
407 1233 530 1261 omne
549 1217 708 1276 ubique
727 1232 942 1260 servorum
960 1231 1097 1275 genus

143 1290 198 1334 In
217 1292 408 1350 sequiora
426 1300 576 1337 cuncta
594 1292 871 1351 transscripsit
890 1293 1027 1335 Deus!

534 1468 838 1519 TITULUS
871 1467 1067 1518 LXIII.

175 1581 250 1620 DE
277 1579 499 1619 VENERE
526 1576 856 1624 vULleAGA,
886 1578 1020 1619 QUAE
1047 1576 1424 1616 GENERATIONI

201 1648 461 1690 HUMANAE
490 1650 714 1690 CAUSAM
739 1649 989 1694 PRAEBET‚
1014 1648 1086 1687 ΕΤ
1112 1648 1186 1686 ΠΕ
1214 1647 1408 1687 AMORE

454 1717 835 1758 voLUPTATUM
864 1716 1149 1756 CORPORIS.

577 1826 616 1856 1.
637 1812 874 1871 Euripides
893 1811 1031 1855 AEolo.

198 1889 381 1930 Exercet
398 1886 587 1929 homines
605 1895 715 1929 sorte
733 1885 898 1928 diversa
916 1885 1083 1927 Venus:

141 1960 222 2004 Est
240 1958 411 2017 quando
428 1958 593 2001 luctum
610 1965 765 2015 portat,
785 1966 848 1999 est
866 1955 1038 2014 quando
1050 1955 1175 2013 juvat
1187 1971 1206 2003 z>

141 2031 330 2076 Accedat
347 2031 404 2075 ad
422 2045 489 2074 me
507 2045 605 2074 cum
623 2029 769 2072 favens
787 2035 849 2072 est
868 2027 1063 2071 maxime.

610 2114 649 2144 2¹
669 2101 788 2144 Idem
807 2101 1006 2158 Antiopa.

199 2178 222 2207 ¹²
235 2178 398 2220 Rerum
416 2175 581 2219 satietas
597 2174 787 2218 omnium
803 2183 879 2217 est.
929 2174 1094 2231 Turpes
1111 2181 1225 2215 toros

142 2250 241 2293 Vidi
259 2259 514 2308 sequentem,
535 2248 714 2307 pulchra
731 2247 802 2291 cui
820 2246 1006 2305 conjunx
1025 2245 1163 2290 domi:

142 2325 204 2367 Et
222 2323 372 2382 plenus
389 2322 525 2382 epulis
543 2321 696 2380 aliquis
714 2335 740 2364 e
757 2319 831 2363 vili
848 2319 958 2372 cibo,

143 2397 188 2439 N
188 2396 342 2440 evitate
359 2393 691 2446 commendante,
711 2392 823 2452 celn‘t
839 2390 1012 2451 gaudia.

581 2480 622 2524 3.
641 2466 762 2509 Idem
779 2465 1034 2523 Hippolyto.

202 2542 288 2595 Qui
305 2541 416 2586 dona
434 2541 607 2586 veneris
625 2539 797 2599 spernit,
817 2537 944 2581 animi
962 2544 1202 2585 contumax,

146 2616 338 2660 Nimium
356 2623 554 2675 sequente
571 2629 656 2659 non
675 2613 808 2672 magis
827 2612 952 2670 culpa
971 2619 1100 2654 vacat.

654 2762 669 2783 ¹¹
684 2761 782 2793 Refer
797 2760 839 2792 ad
854 2758 922 2792 Tit.
939 2758 997 2789 v1.
1075 2778 1077 2782 .
