1780 3178
358 257 440 312 153
729 253 734 256 ·
757 251 1018 298 IoANNIS
1050 250 1295 297 sToBm
1362 265 1367 271 -

353 362 556 414 Nebulas‚
578 362 702 405 etiam
722 361 797 420 qui
814 371 969 405 rectam
990 369 1203 405 sectantur
1221 361 1347 415 viam,

353 436 632 494 Multumque
651 435 830 494 sapiunt.
1223 448 1227 451 ’

887 510 953 552 16.
977 510 1158 553 Cliniae.

407 584 545 626 Nemo
563 583 672 626 colat
691 583 872 641 posthac
883 583 1099 626 funestum
1119 590 1275 627 nu'men
1296 585 1491 628 Amoris:

351 660 489 700 Nemo
508 657 615 700 colat
634 673 787 715 pueros
807 657 1034 716 dulcesque
1055 657 1280 716 Cupidinis
1298 659 1439 717 ignes:

350 733 439 774 Ista
462 733 619 773 Moron
638 741 811 789 propter
831 731 991 774 tristem
1011 731 1227 775 descendit
1245 733 1301 776 ad
1322 734 1493 776 Orcum.

705 817 768 860 17.
790 805 1034 848 Menander
1053 806 1340 849 Patruelibm.

752 877 930 935 Ingenio
950 892 1027 920 suo

347 954 486 994 Amor
505 952 559 994 ad
579 951 749 994 consilia
767 951 932 994 surdus.
985 952 1103 994 Tum
1122 967 1223 994 vero
1241 952 1358 995 haud
1377 952 1488 996 facul

348 1024 529 1066 Ratione
549 1038 746 1081 superare
765 1031 808 1065 et
820 1023 1090 1081 juventutem
1110 1031 1153 1066 et
1172 1024 1331 1068 Deum.

782 1098 849 1139 18.
875 1097 993 1138 Idem
1019 1097 1252 1139 Thesauro.

405 1171 448 1213 Si
469 1170 599 1213 amori
618 1170 912 1213 confidentiam
933 1169 1167 1223 abstuleris,
1187 1174 1330 1228 perit‚.

345 1248 494 1303 Atque
512 1245 618 1287 adeo
638 1244 792 1287 tabulis
812 1230 1003 1288 ceritum
1022 1244 1189 1287 inscribi
1209 1254 1358 1303 potest.

751 1331 813 1376 19.
836 1320 1038 1362 Moschus
1058 1320 1284 1363 Bucolicis.

402 1391 411 1419 ¹
428 1392 648 1435 Moenibus
667 1392 784 1435 Eleis
802 1392 968 1450 elapsus
987 1391 1151 1435 olivifer
1169 1393 1302 1435 amnis

341 1467 478 1509 Trans
497 1466 665 1519 fluctus,
686 1466 918 1519 Arethusa,
940 1475 1036 1509 tuos
1055 1475 1237 1509 sectatur
1255 1481 1430 1519 amores,

343 1541 572 1598 Floresque
592 1540 845 1597 frondesque
865 1540 1002 1583 ferens
1020 1555 1117 1583 cum
1137 1540 1312 1598 pulvere
1331 1541 1464 1584 dona:

343 1614 525 1656 Labitur
545 1625 587 1656 et
606 1630 766 1656 mersus
785 1613 932 1671 proc'ul
951 1614 1235 1656 incumbentia
1250 1615 1396 1657 subter

342 1690 551 1745 AEquma,
572 1704 648 1731 nec
667 1688 794 1730 salsas
813 1688 1013 1746 admiscet
1033 1688 1229 1731 dulcibus
1249 1688 1399 1741 undas,

340 1762 405 1803 Ut
426 1761 497 1803 vix
520 1762 689 1803 Ionium
711 1771 944 1804 tranantem
965 1762 1115 1805 sentiat
1134 1777 1311 1805 amnem.

341 1835 419 1877 Ille
429 1835 553 1890 *ferus
571 1850 693 1892 puer,
713 1835 898 1877 audendi
917 1850 1001 1877 non
1021 1851 1124 1878 ausa
1143 1836 1354 1894 magister,

340 1908 419 1950 Ine
439 1908 536 1960 fuit,
558 1908 648 1950 nari
669 1896 836 1951 solitum
858 1909 933 1966 qui
953 1924 1054 1951 nare
1073 1909 1255 1967 subegit.

899 1995 969 2025 20.
991 1984 1121 2025 Idem.

396 2055 550 2111 Igneus
570 2054 613 2096 in
634 2054 756 2097 vultu
777 2055 890 2098 color
909 2064 972 2098 est
991 2071 1075 2098 non
1095 2056 1320 2098 candidus:
1352 2056 1450 2114 igne

339 2128 525 2170 Lumina
543 2128 644 2171 bina
661 2129 843 2171 micant:
875 2145 992 2172 mens
1009 2130 1222 2187 improba:
1253 2130 1409 2173 blanda
1427 2130 1617 2188 loquela:

336 2201 434 2262 Non
456 2202 573 2259 quod
593 2202 718 2244 sentit
736 2202 848 2245 idem
868 2203 984 2246 fatur
1002 2219 1197 2261 quoque:
1229 2204 1379 2247 mellea
1395 2220 1478 2247 vox
1500 2214 1577 2258 est,

336 2278 402 2319 At
420 2293 491 2319 cor
510 2277 781 2335 implacidum
802 2278 967 2335 quoties
985 2279 1112 2322 furit:
1144 2279 1374 2332 insidiator,

336 2352 568 2408 Nunquam
589 2367 689 2393 vera
707 2351 897 2409 loquens,
917 2365 1073 2410 pravus
1092 2368 1213 2410 puer,
1234 2368 1381 2411 aspera
1397 2352 1519 2396 ludit.

336 2424 534 2482 Crispula
553 2425 753 2477 caesaries‚
775 2425 892 2468 nulla
910 2435 973 2469 est
992 2426 1225 2469 reverentia
1242 2427 1384 2469 fronti.

334 2499 531 2555 Utraque
550 2514 680 2555 parva
701 2514 876 2542 manus:
910 2499 982 2542 sed
1004 2499 1128 2557 longe
1148 2499 1272 2554 docta
1288 2499 1427 2552 ferire,

336 2573 457 2628 Ipsas
477 2588 611 2630 usque
630 2573 741 2615 fores
761 2573 860 2616 Orci
880 2583 1009 2631 atque
1028 2573 1266 2616 Acherusia
1283 2588 1425 2631 regna.

334 2647 522 2703 Corpore
542 2647 685 2690 nudus
703 2647 810 2705 agit:
847 2663 965 2690 mens
984 2647 1137 2705 quaerit
1157 2655 1267 2689 tecta
1286 2646 1478 2689 latebras.

801 2818 807 2839 ¹
827 2819 922 2849 Refer
938 2819 978 2849 ad
993 2818 1059 2850 Tit.
1080 2818 1202 2849 LXIV.
