1780 3178
595 192 1032 236 INITIORUM.

82 307 113 404 1}
99 306 604 435 ‡}.’{“‘'.=}‘4‚0¹.Zfz’.⁷115,4.

81 418 117 461 εἴ
130 437 167 461 τι
183 421 222 472 δὴ
244 421 348 463 κάτω
367 433 464 473 120,
477 423 517 464 6.

82 475 117 517 εἴ
131 493 187 526 τις
207 478 384 535 καθείρξει
404 489 477 534 97,
497 491 564 523 12.

83 531 119 574 εἴ
133 551 188 584 τις
202 538 366 577 πλεῖστα
390 537 545 592 16,15

81 589 116 631 εἴ
130 609 185 640 τις
204 591 411 649 προσελθὼν
434 597 531 645 106,
544 595 582 636 8.

83 646 119 689 εἴ
133 667 188 698 τις
207 651 437 706 ὑπερβάλλω
458 653 500 703 6,
517 653 588 694 60.
630 662 698 707 17,
709 665 778 708 39

87 703 122 747 εἴ
135 723 191 756 τις
211 720 297 759 φησι
319 709 390 765 63,
408 721 472 752 12.

83 765 114 804 εἰ
133 765 176 806 τὸ
174 771 362 838 ,συνεχῶς
381 767 455 823 36,
474 767 516 808 8.

83 823 114 862 εἴ
131 824 206 871 τοῖς
226 825 260 864 ἐν
280 821 369 879 οἴκῳ
389 823 512 874 88,1.

83 880 114 918 εἰ
132 883 198 920 τοῦ
215 880 352 936 πατρὸς
374 883 534 935 79,16.

84 938 114 975 εἰ
130 937 214 984 τοὺς
232 937 464 986 ἀδικηθέντας
484 952 526 993 9,
541 937 605 979 18.

84 995 114 1033 εἰ
135 994 242 1044 φησὶν
261 994 351 1050 ὁρώη
377 995 444 1046 18,
459 1005 534 1051 35.

84 1052 115 1090 εἰ
132 1053 210 1107 χρὴ
230 1053 367 1106 γαμεῖν
387 1062 459 1106 72,
477 1066 520 1110 3.

85 1108 212 1149 εἰδέναι
228 1111 307 1164 χρὴ
330 1121 399 1164 29,
417 1109 486 1162 84.

84 1163 154 1215 ειδη
171 1170 242 1206 τῶν
256 1167 336 1217 βοη.
363 1179 440 1208 101
447 1178 542 1222 ,27

84 1220 218 1264 εἴδωλα
239 1225 436 1273 αἰσθητικαὶ
453 1236 499 1277 4,
517 1235 587 1278 71.

85 1278 152 1321 εἶεν
173 1279 261 1331 δὴ
229 1297 325 1322 ειπον
345 1293 388 1335 9,
406 1281 461 1336 65

85 1335 166 1378 εἶεν·
185 1341 310 1378 ταῦτα
329 1340 378 1392 μὲ
381 1355 398 1378 ν
416 1351 604 1394 43,114.

85 1392 167 1435 εἶεν·
183 1411 220 1435 τι
213 1393 380 1452 ’δςᾶσεις
403 1408 472 1447 20,
486 1410 554 1452 34.

86 1449 202 1493 εἶπ’
172 1470 201 1492 ω
222 1464 261 1506 φ.
269 1455 352 1506 64,
364 1465 434 1505 42.

86 1524 136 1559 ειη
157 1525 220 1562 μοι
246 1522 340 1566 103,
363 1524 425 1563 14.

86 1564 146 1607 ειθ’
168 1564 283 1615 ἦσθ’
263 1570 349 1621 ανὴρ
369 1581 443 1623 54,
460 1581 503 1623 9.

86 1623 179 1672 εἰκὸς
198 1624 234 1664 δὲ
252 1625 362 1665 παντὶ
353 1637 492 1681 ι39,1

86 1679 300 1736 εἱμαρμένον
317 1683 403 1755 5,8

87 1737 163 1778 εἰπέ
183 1755 245 1791 μοι
267 1738 330 1791 ἔφη
351 1757 380 1780 ω
406 1748 474 1793 17,
489 1748 584 1795 45.

87 1793 184 1867 εἴπερ
205 1797 284 1867 γὰρ
303 1797 438 1837 ἀδικεῖν
454 1806 527 1851 47,
543 1809 587 1850 4.

87 1850 184 1923 εἴπερ
199 1852 277 1908 γάρ
299 1870 340 1894 κε
362 1864 493 1908 7,14.

88 1907 162 1950 εἷπε
204 1911 266 1951 τὸν
285 1911 463 1952 ἀδικοῦντ’
483 1924 557 1967 43,
573 1925 646 1968 30.

87 1969 244 2016 εἴποντος
262 1984 356 2016 τινος
373 1968 446 2023 63,
461 1981 535 2024 31.

88 2024 200 2078 εῬῆνη
220 2036 294 2079 55)
321 2037 490 2079 1·2·9·

88 2081 220 2136 εἰρήνης
239 2082 275 2122 δὲ
294 2098 375 2137 γεν.
394 2082 467 2137 38,
486 2096 559 2138 49.

89 2140 136 2186 εἰς
157 2140 278 2195 ἀρχὴν
298 2155 465 2181 καταστ.
483 2142 558 2194 46,
573 2152 641 2182 21.

26 2215 32 2221 ·
90 2194 138 2243 εἴς
157 2212 205 2250 γε
223 2197 295 2248 μὴν
313 2209 387 2250 44
402 2207 476 2252 35

91 2255 139 2299 εἰς
158 2253 186 2292 δ’
203 2254 385 2308 εὐγένειαν
406 2255 536 2305 86,1.

91 2311 139 2356 εἷς
160 2308 277 2380 ἕτερον
295 2327 372 2366 γαρ
397 2323 466 2366 29,
484 2323 525 2353 2.

91 2369 139 2414 εἰς
161 2365 284 2438 ὄχλον
298 2367 368 2423 85
382 2378 426 2423 5.

91 2425 139 2471 εἷς
158 2422 362 2476 συμπόσιον
381 2438 424 2476 4,
442 2437 513 2480 92.

91 2495 139 2528 εις
158 2497 240 2521 τινα
261 2482 338 2536 γὰρ
363 2493 547 2536 125,17.

93 2539 140 2585 εἰς
155 2553 197 2578 το
216 2540 416 2591 μεταπεῒσ.
438 2551 510 2594 73,
524 2551 598 2594 53.

93 2593 124 2633 εἷ
113 2612 141 2642 ις
160 2594 250 2667 γάρ
251 2611 306 2643 τις
327 2595 396 2651 83
415 2607 484 2649 17.

94 2650 142 2699 εἷς
160 2650 308 2707 μυρίους
329 2662 402 2708 51,
421 2663 492 2708 23.

93 2707 141 2755 εἷς
159 2709 275 2756 οἰωνὸς
294 2709 532 2764 39,18·

94 2763 185 2812 εἶς’
161 2781 237 2820 opos
261 2778 299 2817 1,
315 2779 358 2820 9.
409 2766 503 2817 108,
519 2767 588 2808 26.

95 2820 143 2869 εἷς
162 2837 218 2862 τοι
239 2821 373 2871 δίκαιος
394 2836 474 2878 9,

95 2877 316 2927 εἰσελθόντος
335 2880 371 2920 δὲ
389 2879 462 2932 48,
478 2877 548 2933 67.

95 2933 267 2976 εἰσελθών
285 2953 373 2978 ποτε
390 2937 461 2988 60,
481 2950 496 2978 1
510 2950 547 2978 1.

1456 203 1541 250 347

845 306 916 347 εἰσὶ
936 308 1038 348 κατὰ
1062 318 1159 357 101,
1184 307 1251 348 16.

845 363 919 405 εἷο-ι’
938 380 1030 412 τινες
1048 366 1080 404 οἶ
1103 365 1258 418 16,19

846 419 980 469 εἴσοδος
999 419 1075 462 δὲ
1054 437 1095 472 ην
1118 432 1278 476 14,13.

847 480 987 553 εἰσορῶ·
1010 478 1125 519 δειλὸν
1145 490 1218 533 93,
1237 477 1304 519 18.

847 534 912 576 εἶτ’
935 536 1019 591 οὐχὶ
1040 535 1173 591 56,4.

848 592 997 634 εἰώθασί
1015 609 1056 633 τε
1073 603 1148 648 54,
1164 605 1237 649 34.

849 651 891 691 ἐκ
911 650 947 691 δὲ
970 651 1058 699 Διὸς
1075 661 1147 705 47,
1165 662 1207 705 7.

849 709 890 749 ἐκ
911 708 1084 758 διαβολῆς
1100 720 1124 749 ,1
1133 719 1173 759 2,
1195 720 1263 762 19.

849 766 891 806 ἐκ
912 765 1059 818 θαμινῆς
1081 777 1150 820 29,
1167 775 1239 820 52.

847 823 889 863 ἐκ
910 821 1020 875 θυμοῦ
1040 826 1207 863 κλαῦσαι
1234 832 1331 874 124,
1352 835 1420 863 10.

848 882 889 920 ἐκ
908 878 1066 933 μελέτης
1084 889 1153 921 πλ.
1177 891 1248 935 29,
1275 892 1341 921 10.

847 938 888 976 ἐκ
908 953 976 989 μεν
995 939 1058 986 τῆς
1073 940 1322 1010 προμαντικῆς
1342 949 1385 992 3,
1398 945 1470 993 52.

847 995 890 1034 ἐκ
909 995 1044 1042 παντὸς
1063 992 1108 1034 οἲν
1129 993 1201 1045 82,
1221 1006 1261 1038 2.

847 1052 889 1092 ἐκ
909 1050 1070 1104 πολέμου
1090 1061 1178 1119 54,ω
1183 1063 1253 1103 24.

848 1110 890 1148 ἐκ
909 1112 974 1149 τοῦ
993 1111 1194 1161 φιλοπονειν
1217 1120 1288 1163 29,
1306 1120 1376 1164 29.

848 1182 889 1206 εκ
908 1169 981 1206 τῶν
1000 1165 1172 1206 αέλπτων
1198 1178 1292 1217 111,
1307 1179 1352 1221 5.

848 1224 890 1263 ἐκ
909 1227 980 1264 τῶν
998 1222 1127 1295 ὁμοίων
1147 1224 1218 1278 69,
1237 1234 1307 1267 20.

848 1282 890 1321 ἐκ
910 1285 981 1321 τῶν
999 1296 1115 1321 πονων
1137 1292 1207 1336 29,
1230 1293 1248 1322 1
1261 1294 1298 1322 1.
1316 1292 1386 1324 22.

849 1338 892 1378 ἐκ
911 1338 1020 1378 τῶνδε
1039 1336 1164 1391 μέντοι
1185 1350 1230 1393 3,
1247 1348 1290 1393 5.

850 1395 1088 1451 ἐκμαρτυρειν
1109 1407 1207 1450 109,
1222 1396 1264 1436 6.

847 1451 998 1502 “Εκοἰβη
1019 1452 1059 1492 τὸ
1086 1465 1181 1504 111,
1203 1451 1244 1493 8.

850 1508 975 1564 ἔλεγεν
997 1510 1067 1550 δὲ’
1053 1526 1069 1549 ο
1090 1518 1133 1564 7,
1148 1521 1218 1552 21.

850 1565 958 1621 ἔλεγε
946 1584 977 1607 -ν
999 1569 1016 1606 ὁ
1038 1570 1090 1607 Δ.
1117 1579 1215 1623 123,
1238 1579 1305 1608 11.

851 1622 978 1678 ἔλεγεν
998 1626 1015 1663 ὁ
1034 1623 1132 1665 Πυθ.
1153 1637 1227 1679 34,
1245 1635 1287 1678 7.

852 1679 980 1735 ἔλεγον
1000 1683 1076 1736 ἐγὼ
1097 1681 1169 1732 68,
1186 1683 1228 1722 6.

852 1736 993 1793 ἔλεγχε
1013 1738 1150 1779 σαυτὸν
1177 1750 1244 1791 14,
1260 1751 1305 1792 4.

852 1794 1014 1866 ἔλεγχος
1029 1798 1106 1852 γὰρ
1132 1809 1200 1851 13,
1218 1805 1292 1851 50.

852 1851 954 1903 ἔλεξέ
971 1865 1056 1905 σφιν
1074 1856 1126 1893 Λ.
1146 1862 1216 1908 27,
1237 1865 1305 1905 14.

851 1909 998 1950 ἑλέσθαι
1020 1910 1055 1951 δὲ
1076 1912 1128 1951 ὃει
1144 1925 1218 1963 44,
1233 1919 1308 1965 53.

850 1966 1032 2023 ελευθερῖα
1050 1984 1113 2008 και
1136 1967 1281 2008 δουλεία
1306 1980 1344 2016 1,
1359 1976 1433 2021 54.

850 2023 1030 2081 ἐλεύθερον
1059 2024 1234 2065 ἀδύνατον
1264 2025 1308 2075 6,
1337 2023 1412 2077 48.
1480 2022 1549 2074 18,

909 2093 932 2123 2

851 2094 1079 2210 ἐλευέέρῳ
1041 2138 1082 2179 τὸ
1107 2139 1178 2194 89,
1197 2149 1240 2194 5.

853 2193 940 2236 ἔλπε
943 2196 1028 2237 σθαι
1055 2208 1182 2247 110,1

854 2252 996 2301 ἔλπιδες
1016 2265 1112 2304 110,
1134 2253 1200 2294 18.

855 2309 959 2358 ἐλπις
981 2322 1078 2361 110,
1106 2321 1357 2365 11.12.13.
1383 2321 1449 2362 14.

855 2367 959 2414 ἐλπις
980 2371 1097 2408 κακοῦ
1124 2379 1190 2416 10,
1201 2380 1275 2422 59.

856 2425 958 2472 ἐλπὶς
978 2424 1014 2464 δὲ
1036 2423 1192 2465 κινδύνου
1211 2436 1283 2479 54,
1303 2425 1376 2480 36.

856 2481 920 2533 ἐμὲ
940 2479 1011 2520 δ’*
984 2482 1042 2536 αρ’
1063 2483 1103 2522 οὐ
1118 2490 1192 2536 51,
1206 2491 1247 2535 7.

856 2536 1000 2590 ἐμέθυον
1024 2537 1092 2590 18,
1109 2552 1151 2594 9·

856 2594 935 2647 ἐμοι
953 2598 1030 2666 γὰρ
1050 2593 1090 2645 ἦν
1110 2595 1273 2650 56,12.

857 2652 936 2705 ἐμοι
957 2651 1099 2706 γένοιτο
1123 2664 1191 2707 13,
1211 2660 1252 2704 7.

858 2708 936 2760 ἐμοι
958 2709 993 2749 δὲ
1015 2709 1113 2749 δοκεῖ
1139 2721 1231 2758 121,
1247 2718 1319 2763 37.

857 2765 936 2817 ἐμοὶ
956 2765 1023 2818 μὲν
1044 2764 1106 2818 ἔφη
1126 2765 1200 2817 48,
1215 2775 1289 2819 47·

858 2822 936 2874 ἐμοὶ
956 2820 1060 2870 πόλις
1080 2823 1150 2874 62,
1167 2835 1240 2878 34.

858 2880 945 2931 ἐμοῦ
965 2879 1042 2934 γάρ
1062 2880 1142 2920 ἐστι
1166 2882 1237 2930 62,
1252 2878 1292 2920 8.

858 2937 892 2977 ἐν
905 2933 1042 2992 Ἀργει
1067 2948 1164 2987 100,
1188 2948 1255 2989 24.
