1780 3178
343 267 425 324 196
737 266 992 310 IOANNIS
1024 263 1268 308 STOBAEI

707 460 1010 510 TITULUS
1044 459 1311 508 LXXVII.

385 576 620 614 LIBEROS
647 576 830 614 MARES
858 575 1288 620 PRAEFERENDOS,
1316 575 1388 613 ET
1414 573 1641 612 NOTHOS

398 649 518 687 NON
545 647 779 686 MlNORIS
808 646 1104 685 HABENDOS
1133 645 1291 686 QUAM
1318 643 1632 683 LEGITIMOS.

525 784 527 787 ι
865 745 905 773 1.
925 730 1176 788 Euripides.

404 805 564 848 Mulier
581 805 765 863 paternis
783 805 925 847 exiens
943 804 1166 862 penatibus

346 880 446 921 Non
459 879 549 936 jam
569 887 791 936 parentum
811 885 873 920 est
891 877 1076 935 propria,
1096 892 1194 919 cum
1214 876 1343 918 ducta
1361 883 1423 918 est
1443 875 1546 917 viro.

346 953 411 994 At
431 951 555 1008 stirps
573 951 703 993 virilis
721 951 765 992 in
785 950 911 992 domo
930 965 1092 1007 semper
1110 957 1264 1001 manet,

346 1025 408 1066 Et
420 1024 494 1081 jus
515 1023 781 1081 sepulchrum
801 1030 938 1065 servat
957 1030 999 1064 et
1018 1022 1151 1067 avitos
1171 1023 1297 1064 Deos.

857 1109 896 1140 2.
919 1096 1172 1138 Menander.

406 1171 463 1212 AE
470 1178 554 1212 tate
574 1178 672 1212 nata
690 1170 839 1222 nubili,
862 1180 911 1213 ut
930 1170 1042 1212 dicat
1061 1169 1180 1221 nihil,

351 1243 459 1286 Satis
478 1252 618 1285 tamen
637 1243 728 1300 ipso
747 1237 952 1300 significat
971 1242 1144 1284 silentio.

733 1330 774 1372 3.
795 1316 1033 1374 Euripides
1052 1316 1296 1373 Iphigenia.

407 1388 627 1431 Domuum
646 1389 856 1432 columina
873 1390 1032 1448 quippe
1051 1398 1150 1431 sunt
1168 1389 1256 1431 nati
1274 1405 1419 1431 mares.
1446 1392 1454 1405 ⁸

683 1473 723 1514 4.
744 1474 784 1517 5.
807 1462 1049 1504 Menander
1063 1463 1347 1505 Patruelibus.

408 1533 603 1576 Felicitas
623 1534 776 1576 eximia
795 1543 856 1576 est
876 1534 1038 1592 sapiens
1056 1534 1179 1576 filius.

350 1608 416 1649 At
434 1617 534 1649 nata
551 1607 731 1664 genitori
751 1623 925 1665 operosa
943 1617 1006 1651 est
1024 1609 1237 1666 possessio.

767 1681 806 1722 6.
828 1681 947 1722 Idem
966 1682 1282 1736 Piscator-ibus.

409 1751 531 1803 Filia,
552 1753 773 1795 molestum
791 1753 1187 1812 incommodumque
1204 1755 1417 1812 peculium
1436 1764 1509 1799 est.

488 1883 491 1885 d
659 1836 698 1881 7.
721 1828 984 1884 Posidippue
1003 1828 1376 1886 Hermaphrodito.

411 1898 690 1949 Quantumvis
707 1898 866 1956 inopes,
886 1899 993 1942 filios
1012 1899 1167 1943 tollunt
1186 1909 1347 1948 tamen:

352 1972 418 2013 At
436 1971 542 2014 filias
561 1981 779 2030 exponunt
799 1973 925 2016 etiam
944 1974 1105 2018 divites.

837 2085 841 2088 .
877 2047 914 2088 8.
937 2048 1156 2105 Diphilus.

411 2116 561 2159 Puella
578 2116 818 2170 liberamur,
839 2119 1140 2177 difficilipenu.

370 2203 373 2206 ⁴
791 2202 833 2245 9.
853 2190 1074 2247 Sophocles
1092 2192 1247 2234 Aleasi.

412 2260 557 2302 Proles
575 2260 705 2303 notha
722 2270 764 2303 et
783 2261 970 2319 legitima
989 2265 1250 2307 tantumdem
1269 2266 1392 2310 valet.

355 2333 606 2391 Quicunque
625 2335 783 2392 probus
800 2345 863 2379 est
881 2337 994 2380 hunc
1011 2339 1142 2396 probe
1161 2347 1307 2382 natum
1325 2349 1442 2398 puta.

733 2421 799 2450 10.
819 2410 1055 2467 Euripides
1073 2411 1308 2469 Antigona.

390 2506 395 2510 -
412 2480 576 2522 Natura
596 2495 673 2537 par
691 2489 767 2533 est,
788 2497 940 2524 nomen
958 2482 1139 2525 invisum
1158 2484 1299 2526 notho.

780 2569 799 2597 1
810 2569 843 2597 1.
865 2556 986 2598 Idem
1004 2558 1257 2615 Eurystheo.

413 2626 579 2668 Vanum
599 2635 661 2669 est
679 2628 795 2684 quod
813 2629 918 2670 adeo
937 2645 1071 2672 serere
1089 2631 1330 2687 progeniem
1349 2632 1520 2675 notham

356 2698 552 2756 Plerique
572 2709 777 2743 metuunt.
830 2701 872 2744 Si
893 2702 988 2759 quis
1005 2713 1067 2745 est
1085 2713 1197 2746 recta
1215 2704 1368 2757 indole,

357 2771 454 2814 Non
476 2780 610 2815 mutat
630 2774 758 2830 hujus
776 2774 888 2817 vocis
906 2774 1119 2832 ingenium
1139 2791 1274 2819 sonus.
