1780 3178
331 263 410 319 198
754 260 1015 304 IOANNIS
1048 261 1284 306 STOBAEI

326 375 514 429 Pendete
532 375 653 433 pueri
672 376 815 419 matris
834 392 861 419 a
879 375 1178 435 complexibus.

324 451 400 491 An
418 449 634 491 allubescit
652 448 804 492 ludus?
833 450 891 492 ite
910 458 953 492 et
971 449 1106 493 ludite

323 522 496 564 Tenella
514 522 640 565 corda
658 537 755 564 vere
774 522 873 565 vitae
892 522 1052 565 florido.

323 594 458 637 Annis
475 595 630 637 adultis
649 595 804 652 pariter
821 595 1019 638 adolescit
1038 595 1168 638 dolor.

754 669 792 711 8.
814 670 1051 728 Euripides
1069 671 1235 712 Danae.

382 743 512 785 Forte
532 751 606 784 aut
625 742 802 795 lacertis,
821 743 981 800 pectori
999 752 1074 786 aut
1092 743 1243 786 ludens
1261 759 1355 786 meo

322 815 511 868 Assiliet‚
531 824 659 874 atque
677 817 857 859 innocua
875 817 1010 859 libans
1029 816 1172 859 oscula

324 889 535 932 Mulcebit
553 890 754 932 animum.
805 891 1002 947 Namque
1019 890 1234 932 blanditiae
1254 890 1335 942 hae,
1356 898 1489 948 pater,

323 964 377 1005 In
391 971 533 1005 nostra
551 979 746 1021 magnam
765 963 892 1006 corda
910 964 1068 1006 habent
1081 963 1308 1021 pellaciam.

600 1096 601 1099 Ἴ
769 1051 808 1093 9.
831 1038 1053 1095 Sophocles
1073 1038 1214 1094 Ajace.

380 1112 420 1153 O
440 1119 550 1163 nate,
571 1120 682 1163 nate,
701 1111 821 1154 vince
839 1111 1010 1154 fortuna
1029 1119 1207 1169 patrem,

321 1185 407 1226 Par
424 1183 586 1241 reliqua
603 1183 736 1242 patri:
768 1199 844 1227 nec
863 1184 999 1227 malus
1018 1184 1262 1227 censeberis.

321 1258 365 1299 N
367 1272 449 1299 unc
468 1257 548 1300 hoc
567 1257 715 1300 beatus
732 1258 841 1311 vive,
859 1258 976 1316 quod
994 1258 1265 1316 praesentium

320 1331 478 1374 Nullus
495 1331 701 1374 malorum
720 1347 866 1384 sensus
884 1332 940 1374 ad
958 1340 1000 1374 te
1018 1332 1221 1390 pervenit.

321 1406 395 1448 Nil
415 1407 573 1464 quippe
593 1406 695 1449 scire
714 1406 801 1449 vita
813 1405 1120 1464 jucundissima
1139 1414 1215 1459 est,

321 1479 469 1522 Discas
488 1480 732 1537 priusquam
751 1479 910 1537 gaudia
928 1488 970 1522 et
988 1479 1127 1522 luctus
1146 1479 1247 1537 pati.

733 1565 798 1595 10.
819 1553 1059 1610 Euripides
1079 1553 1245 1595 Medea.

375 1626 518 1682 Atque
537 1640 630 1667 ecce
649 1640 802 1682 pueros
822 1624 946 1667 video
964 1623 1136 1668 lassatos
1156 1625 1301 1667 trocho

318 1698 496 1751 Adesse,
517 1698 575 1740 nil
596 1707 784 1742 materna
803 1706 997 1741 curantes
1015 1698 1137 1740 mala.

316 1772 489 1815 Tenella
507 1772 665 1833 quippe
684 1772 811 1814 corda
831 1771 1040 1814 tristitiam
1059 1772 1265 1813 abnuunt.

697 1883 1000 1932 TITULUS
1032 1870 1279 1955 LXXIX.

333 1993 367 2031 A
394 1992 610 2031 LIBERIS
640 1986 924 2031 HONOREM
952 1992 1209 2031 DEBITUM
1237 1991 1631 2030 PRAESTANDUM

471 2062 839 2101 PARENTIBUS:
871 2062 942 2100 ET
969 2062 1045 2100 AN
1072 2062 1179 2100 PER
1207 2062 1388 2101 OMNIA
1413 2062 1499 2105 Els

708 2145 713 2148 ·
791 2131 1181 2170 OBEDIENDUM.

837 2224 873 2251 1.
901 2210 1136 2267 Magnis.

374 2286 531 2343 Cyme,
546 2284 651 2327 nihil
668 2292 800 2327 matre
820 2293 896 2336 est,
917 2283 1022 2326 nihil
1041 2293 1103 2326 est
1122 2277 1241 2341 patre
1260 2283 1441 2326 sanctius
1453 2282 1536 2326 illis

486 2360 517 2401 J
519 2373 597 2401 ura
614 2359 769 2416 quibus
788 2358 918 2410 cordi,
939 2358 1087 2415 fasque
1100 2358 1304 2415 piumque
1323 2358 1478 2401 sedent.

695 2443 731 2474 2.
753 2430 991 2488 Euripides
1010 2429 1270 2471 Heraclidis.

370 2501 570 2559 Quisquis
588 2510 780 2559 parentes
798 2511 937 2544 mente
957 2507 1181 2543 veneratur
1199 2499 1284 2557 pia,

313 2574 399 2616 Hic
417 2574 539 2617 vivus
557 2583 684 2632 atque
703 2585 895 2617 mortuus
915 2573 1075 2631 superis
1095 2572 1244 2630 placet.

884 2659 924 2702 3.
940 2647 1072 2688 Idem.

371 2720 542 2761 Summe
561 2719 710 2762 decora
729 2719 959 2761 liberorum
978 2717 1112 2774 gloria
1131 2726 1207 2768 est,

311 2792 571 2848 Prognatum
590 2792 773 2836 honestis
792 2808 878 2835 esse
898 2791 951 2834 de
969 2791 1237 2849 genitoribus.
