1780 3178
441 244 910 290 menmmn.
944 245 1048 288 Τη.
1069 257 1138 302 43.
1377 255 1453 285 ιω

580 363 618 406 7.
635 351 755 393 Idem
771 349 995 408 Eriphyle.

178 428 267 471 Ubi
287 427 512 485 profutura
530 425 710 468 liberum
730 438 815 467 non
835 431 897 466 est
915 422 1048 479 loqui,

122 501 206 561 Sed
222 500 336 543 -victa
353 499 465 542 cedit
484 498 629 541 civitas
646 496 876 556 pejoribus,

122 574 389 618 Periclitatur
409 587 520 631 soepe
538 570 752 630 peccando
769 570 893 613 salus.

56 663 58 666 ·
581 645 620 687 8.
637 646 754 687 Bion
770 643 994 686 Bucolicis.

179 723 248 764 Ne
265 737 333 764 me
350 721 554 764 destituas
572 718 661 762 sine
672 721 864 760 munere.
910 717 1038 760 Dona
1056 715 1220 758 canenti

125 797 223 854 Ipse
242 794 361 838 dedit
381 793 582 837 Phoebus.
635 790 842 835 Pulchras
859 790 995 833 honor
1011 789 1164 849 educat
1181 795 1302 830 artes.

180 944 251 986 Ex
271 942 415 985 multis
429 957 526 999 quae
541 939 719 983 dicenda
732 947 832 981 sunt
846 953 931 981 non
946 937 1070 981 video
1084 936 1199 980 unde
1212 934 1459 993 incipissam.

123 1017 250 1060 Adeo
267 1017 377 1059 banc
395 1015 539 1058 videre
557 1014 768 1057 civitatem
787 1027 953 1071 nequeo
971 1011 1059 1055 sine
1080 1011 1236 1055 dolore.

124 1094 229 1144 Nos,
250 1108 278 1135 o
296 1106 427 1143 senes,
447 1089 750 1148 rempublicam
767 1092 854 1131 non
871 1087 999 1130 talem
1015 1086 1243 1130 habuimus
1259 1085 1383 1129 olim:

126 1166 211 1209 Sed
229 1165 500 1223 imperatores
513 1171 633 1206 erant
650 1161 864 1219 ducesque
879 1160 1040 1203 civitati

125 1241 194 1282 De
211 1239 409 1297 gentibus
425 1237 694 1296 primm-ibuit,
714 1235 855 1293 deque
870 1234 1080 1278 eminente
1099 1248 1241 1284 censu,

126 1316 244 1366 Quos
263 1312 565 1356 venerabamur
583 1310 768 1353 utneos
781 1320 799 1351 ι·
812 1331 814 1334 >
825 1318 870 1351 et
886 1316 1007 1351 erant
1026 1307 1110 1350 Dei
1128 1307 1327 1365 profecto.

127 1389 198 1431 Ita
215 1403 282 1430 res
301 1401 446 1430 secura
463 1396 557 1429 tum
576 1384 703 1428 stetit„
754 1383 897 1434 Nunc,
918 1381 1051 1425 sicubi
1069 1380 1337 1424 militandum
1355 1387 1433 1431 est,
1489 1424 1494 1427 χ

128 1462 387 1506 Praeficimus
404 1460 517 1504 bello
535 1468 579 1503 et
596 1458 728 1517 copiis
745 1457 936 1500 homines
953 1455 1199 1515 piaculares,

481 1546 545 1576 10.
567 1532 806 1590 Doripid‘es
825 1531 1113 1589 Supplicibus.

183 1609 290 1652 Tres
309 1623 492 1666 namque
509 1607 661 1651 classes
676 1606 832 1650 civium
847 1620 862 1648 :v
890 1621 990 1664 pars
1008 1605 1159 1648 divites

128 1683 386 1742 Inutilesque
405 1692 449 1726 et
466 1683 619 1741 opibus
635 1677 912 1724 insatiabiles:

130 1760 236 1801 Pars
254 1758 390 1816 capite
404 1756 515 1800 censi
536 1756 664 1799 turba
682 1754 920 1813 proletaria,
1126 1790 1129 1791 ⁷

130 1832 216 1884 Qui
234 1831 341 1874 nihil
360 1831 562 1874 habentes
581 1822 771 1873 invident
788 1828 1056 1879 habentibuffi

133 1905 406 1962 Stimulisque
425 1904 582 1961 linguae
602 1918 714 1946 soeva
731 1902 871 1960 figunt
889 1900 1078 1950 vulnera,

130 1981 289 2022 Amata
307 1978 447 2036 pravis
465 1977 591 2019 factio
610 1975 852 2018 rectoribus.

131 2056 196 2096 At
215 2061 352 2096 servat
370 2052 519 2094 urbem
539 2050 593 2093 de
613 2050 750 2093 tribus
764 2048 955 2091 medium
973 2061 1122 2105 genus,

133 2127 426 2170 Custodientes
444 2124 519 2183 qui
538 2123 674 2182 placet
693 2122 776 2181 legi
796 2121 994 2164 modum.‘

638 2206 702 2238 121.
726 2195 958 2253 Sophocles.

191 2273 281 2316 Ubi
300 2272 420 2330 pueri
440 2272 552 2329 ipsos
571 2268 770 2328 praesides
788 2267 907 2310 urbis
924 2276 1093 2324 regunt,

136 2349 306 2390 Morata
324 2361 409 2388 non
425 2353 503 2397 est,
523 2353 574 2386 ut
591 2342 780 2394 decebat,
796 2340 952 2384 civitas.

639 2432 658 2460 1
668 2431 703 2462 2.
726 2417 974 2474 Euripzdae.

195 2497 339 2538 Status
359 2495 474 2537 urbis
493 2509 604 2551 aeger
623 2492 679 2534 ad
697 2491 808 2533 mala
824 2489 992 2547 ingenio
1012 2487 1135 2529 valet.

699 2576 762 2619 13.
785 2563 916 2604 Idem.

195 2651 212 2671 θ
228 2641 302 2683 Nil
320 2640 480 2698 geritur
498 2639 610 2697 aequi
630 2637 757 2680 rebus
775 2636 820 2678 in
839 2634 1092 2678 mortalium.

627 2810 641 2824 ⁶
655 2803 755 2835 Refer
770 2801 812 2832 ad
826 2800 895 2831 Tit.
910 2798 979 2830 CV.

833 2870 864 2897 Η
886 2868 911 2911 3
