1780 3178
365 249 450 304 276
766 249 1029 293 IOANNIS
1063 236 1302 294 STOBAEI

943 376 982 408 2.
1004 365 1138 408 Idem.

422 437 444 469 d
455 438 554 480 Non
574 453 662 481 esse
680 437 892 480 edendum
911 437 956 479 in
974 437 1442 495 vulgus‘infortu‘nium,

366 512 482 564 Quin
501 511 643 570 potius
662 510 961 555 occultandum
981 526 1075 554 mea
1094 511 1298 554 sententia
1314 520 1392 555 est.

809 598 849 642 3.
871 585 1109 642 Euripides
1129 585 1274 627 Inone.

949 658 1191 701 Infelicibus

368 731 436 773 Ne
455 730 588 774 durus
607 739 711 784 esto,
731 740 774 774 te
793 746 964 789 quoque
983 747 1071 773 esse
1092 731 1304 773 hominem
1323 746 1494 774 memor.
1547 743 1550 747 ’

797 820 838 861 4.
861 805 980 848 Idem
1000 805 1281 847 Andsrmneda.

426 881 576 923 Aliena
593 896 814 938 nunquam
834 896 932 923 nam
950 881 1062 923 mala
1079 880 1202 933 irrisi,
1224 880 1374 923 timens
1410 890 1413 891 ’

370 954 543 1012 Nequid
562 953 665 996 mihi
684 953 784 996 olim
803 953 968 997 eveniat
985 954 1066 1012 ipsi
1085 953 1340 997 humanitus.

922 1037 963 1084 5.
985 1029 1158 1071 Ibidem.

833 1101 900 1142 Ne
920 1100 974 1142 sis
992 1100 1172 1143 insolens

372 1174 471 1232 Ego
491 1173 524 1216 si
545 1173 668 1216 miser
689 1189 794 1216 sum.
839 1174 988 1217 Facile
1008 1185 1057 1217 tu
1076 1175 1152 1217 fias
1171 1174 1295 1217 idem.

835 1249 875 1289 6.
893 1248 1042 1290 Alexis
1061 1248 1252 1290 Mdesia.

430 1320 576 1361 Homo
595 1335 702 1362 sum.
755 1320 948 1362 Humani
969 1320 1001 1363 si
1022 1320 1129 1378 quid
1148 1321 1330 1363 alienum
1350 1321 1527 1376 arbiqrer

373 1394 419 1435 A
439 1408 520 1445 me,
542 1408 618 1435 nec
637 1393 809 1435 miseros
828 1393 1061 1444 sublevem;
1094 1395 1212 1437 haud
1231 1395 1387 1454 sapiam
1406 1396 1549 1454 probe.

784 1478 823 1523 7.
845 1468 1062 1511 Ηεθὶοάως
1085 1470 1304 1527 Operibus.

432 1541 501 1582 Ne
519 1540 588 1582 cui
606 1541 858 1598 pauperiem·
869 1541 1062 1585 mortalia
1080 1543 1208 1585 corda
1227 1543 1466 1587 domantem

376 1611 585 1670 ObjecteS,
607 1612 779 1669 quando
797 1613 910 1655 dono
929 1613 1056 1656 datur
1074 1614 1146 1658 illa
1165 1617 1368 1659 Deorum.

822 1687 865 1728 8.
888 1688 1111 1745 Sophocles
1130 1690 1272 1746 Ajace.

434 1757 531 1809 Dic,
552 1757 668 1815 optio
688 1758 722 1800 si
742 1758 883 1811 detur,
904 1768 1103 1802 utrumne
1122 1761 1266 1819 eligas,

376 1832 442 1874 Ut
461 1847 537 1889 per
557 1840 599 1874 te
619 1831 762 1874 amicis
781 1832 889 1875 male
909 1833 962 1876 sit
981 1849 1030 1876 ac
1050 1834 1127 1877 tibi
1142 1834 1201 1877 *sit
1220 1835 1341 1887 bene,

376 1907 453 1948 An
472 1914 522 1949 ut
541 1905 697 1948 doloris
716 1906 889 1950 comiter
907 1917 1070 1966 partem
1089 1909 1224 1962 feras?

717 1993 786 2025 12<
805 1981 1036 2039 AEschybus
1054 1983 1380 2042 Agamemnone.

436 2052 558 2095 Mala
575 2068 759 2111 namque
777 2069 921 2097 omnes
939 2055 1100 2113 gemitu
1119 2057 1260 2100 faciles

377 2126 534 2168 Aliena
552 2127 692 2184 sequi:
725 2127 799 2169 sed
817 2142 902 2170 non
920 2137 1112 2186 penetrat

378 2202 512 2243 Jecur
529 2209 658 2258 atque
676 2200 803 2243 animi
824 2209 981 2243 secreta
999 2201 1130 2244 dolor.

383 2273 452 2316 Sic
471 2283 520 2316 ut
538 2268 701 2331 fingant
720 2272 891 2331 gaudia,
913 2273 1082 2316 vultum

381 2347 504 2390 Licet
523 2346 703 2390 invitum
718 2346 905 2404 gaudere
917 2347 1085 2404 jubent.

772 2433 836 2476 13.
858 2421 1078 2463 Philemon
1093 2421 1334 2480 Retegente.

441 2493 567 2545 Quod
587 2493 621 2536 si
641 2493 735 2551 quis
756 2493 867 2535 salve
886 2493 999 2536 dicat
1018 2495 1210 2537 moerenti
1229 2495 1392 2548 obvius,

385 2565 553 2609 Salvere
573 2582 674 2609 voce
693 2582 840 2625 reapse
859 2566 958 2609 flere
978 2581 1075 2609 eum
1088 2567 1226 2624 jubet.

876 2689 892 2711 δ
908 2690 1006 2722 Refer
1021 2690 1063 2722 ad
1075 2690 1143 2723 Tit.
1158 2690 1229 2722 CX.
