1780 3178
202 191 288 245 360

205 306 223 343 6
242 307 312 343 τῶν
332 306 507 372 γεωργῶν
524 310 636 356 57,Ι

205 363 223 399 6
241 364 313 400 τῶν
334 357 570 415 φιλαργύρων
594 359 646 399 16
648 367 749 413 ,27.

192 419 223 456 '6
243 416 329 471 ὑπὲρ
349 421 488 471 μικρῶν
505 427 574 466 20,
590 425 662 470 51.

205 472 580 582 202312253882271·

205 541 360 640 Ξξθόνος
380 542 505 641 ἒν338,
523 599 558 626 1.

206 646 224 683 6
244 641 408 696 φθόνος”
378 659 503 716 ωσπερ
522 642 595 698 38,
610 644 684 698 36.

206 702 224 741 6
245 698 397 754 <po‘ssog‘'
374 701 424 740 οτ’
440 697 485 741 αν
506 699 637 750 8,12.

205 773 223 797 ⁰
243 756 408 814 PP⁰¹⁰V⁴⁰⁵
426 769 472 813 3>
489 766 559 812 73·

206 817 223 853 6
239 815 407 870 χρηστὸς
426 815 540 870 37,
544 843 555 854 .

205 871 281 912 ὁδὸν
299 871 366 925 μὲν
384 873 447 922 τὴν
461 884 505 926 3,
520 882 613 967 42.8

207 927 398 981 ὄδυνηρόν’
385 945 484 969 εστιν
504 937 527 981 7
531 926 629 983 5,

207 983 326 1025 goffia*
299 1001 438 1040 αριστα
463 997 559 1035 101,
581 996 647 1027 12.

207 1039 261 1083 {feo
247 1059 280 1082 εν
300 1042 336 1082 δὲ
356 1045 458 1083 νικᾶν
476 1054 604 1097 4,32.

208 1096 280 1140 οθεν
300 1100 351 1139 δεῖ
367 1100 428 1140 τὸν
446 1099 518 1151 48,
530 1099 603 1142 ’.62

209 1154 282 1197 ὅθεν
301 1154 339 1196 εὖ
357 1155 424 1208 μὲν
444 1159 461 1196 6
480 1169 553 1208 40,
563 1168 605 1211 3.

210 1211 282 1254 ὅθεν
302 1212 365 1253 καὶ
387 1215 450 1255 οὐκ
471 1214 544 1267 67,
562 1225 630 1269 23.

209 1268 285 1310 ὅθεν
305 1271 344 1310 οὐ
361 1270 441 1326 περὶ
465 1283 561 1322 101,
578 1283 644 1311 11.

209 1324 281 1367 ὅθεν
301 1328 365 1367 οὐκ
385 1327 549 1396 ἀτυχίαν
567 1340 614 1379 1,
624 1326 694 1368 80.

158 1409 162 1411 >
210 1381 283 1424 ὅθεν
301 1385 365 1434 τὴν
385 1383 596 1457 λειπομένην
613 1393 658 1439 5,
672 1383 742 1426 60.

211 1443 243 1481 οἶ
263 1441 398 1496 ἀγαθοὶ
420 1440 559 1483 οἰκέται
581 1433 652 1491 62,
667 1453 758 1493 42.’

208 1500 242 1538 οἳ
261 1498 436 1551 ἀδελφοὺς
451 1515 540 1555 παρ.
563 1498 634 1551 84,
648 1499 690 1540 6.

211 1557 243 1595 οἶ
262 1552 346 1610 ἄρτι
368 1557 409 1596 ἐκ
430 1566 509 1610 φιλ.
528 1567 684 1612 79,44.

209 1615 242 1653 οἱ
260 1614 337 1668 γὰρ
358 1613 466 1654 κακοὶ
483 1625 528 1665 4,
543 1624 613 1669 23.

209 1671 242 1710 οἱ
258 1671 335 1726 γοὶρ
353 1669 494 1727 Κύπριν
513 1670 584 1726 63,
597 1682 640 1726 3.

210 1728 242 1766 οἶ
258 1729 335 1782 γὰρ
355 1730 453 1781 μετοὶ
472 1727 545 1783 38,
560 1739 633 1780 44.

211 1786 244 1824 οἶ
261 1786 339 1839 γὰρ
358 1783 518 1833 πνέοντες
539 1796 610 1836 22,
631 1792 693 1839 15.

209 1843 241 1882 οἱ
260 1841 296 1883 δὲ
316 1842 486 1893 βασιλεῖς
504 1854 578 1894 44,
591 1853 663 1894 42.

210 1901 242 1939 οἱ
261 1899 296 1939 δὲ
318 1897 550 1955 ἐργαζόμενοι
573 1912 640 1949 10,
654 1911 725 1949 40.

209 1958 241 1995 οἳ
261 1956 296 1996 δὲ
317 1955 502 2009 νομοθέται
523 1965 594 2011 75,
609 1966 676 2011 15.
694 1995 696 1998 ,
720 1968 722 1970 ’

210 2014 243 2052 οι
262 2013 418 2067 ὃελφινες
443 2026 510 2066 14,
530 2025 598 2055 10.

210 2072 242 2110 οἱ
262 2068 439 2140 δραπέται
458 2082 503 2141 4,
517 2071 590 2126 58.

210 2128 242 2166 οἶ
262 2125 417 2167 ἑκούσιοι
437 2127 534 2167 πόνοι
556 2139 624 2182 29,
639 2127 709 2183 63

210 2185 243 2224 οι
264 2185 298 2225 ἐν
315 2184 528 2255 διαλεκτικῇ
541 2183 618 2236 82,
634 2196 675 2238 7.

211 2242 243 2281 οἶ
263 2256 370 2282 κακοι
388 2239 497 2290 ιόντες
512 2254 586 2296 43,
599 2253 669 2296 45.
727 2261 730 2263 ·

210 2301 242 2338 οἱ
260 2296 453 2352 κράτιστοι
472 2302 543 2339 τῶν
562 2299 634 2354 36,
649 2310 718 2354 29.

146 2362 152 2366 ’
210 2357 242 2395 οἱ
260 2354 433 2403 Λάκωνες
451 2363 525 2410 39,
542 2366 613 2410 27.

209 2414 240 2452 οἲ
256 2410 411 2464 μάταιοι
431 2416 502 2453 τῶν
520 2424 566 2464 4,
582 2424 677 2467 105.

210 2471 242 2508 οἳ
260 2468 327 2521 μὲν
345 2470 520 2524 ἀκρατεῖς
539 2481 585 2522 4,
604 2467 700 2511 108.

209 2527 242 2566 οἷ
258 2525 327 2578 μὲν
346 2527 417 2566 ἀπὸ
437 2529 502 2566 τοῦ
522 2538 564 2581 9,
579 2526 650 2581 58.

208 2584 240 2622 οι
257 2597 325 2634 μεν
343 2583 420 2651 γὰρ
441 2598 531 2623 κακ.
552 2591 624 2638 97,
640 2596 681 2638 9.

210 2639 242 2678 οἶ
259 2638 325 2690 μὲν
343 2637 448 2679 λύκοι
473 2652 541 2691 14,
559 2651 628 2696 23·

209 2697 240 2734 οῖ
258 2710 326 2747 μεν
343 2693 435 2742 ξένοι
453 2707 497 2747 4,
512 2697 583 2751 63.

207 2753 239 2791 οἱ
258 2750 325 2804 μὲν
344 2749 402 2791 οὗν
422 2750 489 2791 ὑπὸ
506 2765 580 2805 44,
595 2764 664 2796 22.

208 2810 239 2848 οἶ
257 2808 324 2860 μὲν
340 2806 457 2848 τοίνυν
474 2818 547 2862 47,
573 2822 639 2851 12.

206 2867 237 2903 οἳ
255 2866 306 2917 μὴ
328 2863 543 2915 κολαζοντες
564 2867 636 2917 46,
658 2878 753 2909 112.

207 2923 238 2961 οἱ
257 2918 417 2971 νεώνητοι
438 2933 507 2973 20,
523 2932 595 2976 59.

810 187 1051 230 INDEX

971 305 1002 342 οἱ
1021 299 1120 354 νόμοι
1137 298 1254 356 χάριν
1273 306 1346 354 43,
1359 310 1456 354 139.

971 361 1003 399 οἷ
1021 358 1127 414 ὀρθῶς
1145 358 1422 410 φιλοσοφοῦντες
1436 356 1478 406 8,
1489 365 1559 398 21.

971 418 1003 456 οι
1021 417 1179 486 Περσῶν
1187 414 1294 510 8βασ.
1315 425 1389 464 44,
1403 425 1476 466 41.

971 475 1004 513 οἶ
1022 470 1166 519 πλέονες
1187 469 1259 525 87,
1275 482 1300 510 1
1306 482 1343 511 1.

971 531 1003 569 οἱ
1019 531 1167 576 πλεῦνες
1185 532 1258 568 τῶν
1275 538 1321 579 4,
1339 538 1434 579 104.
1453 537 1538 576 10,
1544 535 1617 580 33
1630 579 1632 581 ‚

971 588 1003 627 οἳ
1021 584 1154 626 πολλοὶ
1173 601 1249 632 τοις
1269 593 1339 638 27,
1358 595 1425 654 13.

971 645 1004 683 οι
1021 640 1153 682 πολλοὶ
1174 645 1246 682 τῶν
1264 638 1456 696 ἀνθρώπων
1472 650 1543 695 23,
1563 649 1631 692 14.

973 702 1004 739 οἳ
1023 698 1165 755 ῥήτορες
1182 708 1256 754 54,
1267 709 1341 752 43·
1395 708 1400 713 “
1623 708 1625 710 ’

971 758 1005 797 οἶ
1022 757 1090 804 τοὶς
1111 757 1215 809 ὀφρῦς
1237 765 1307 804 22,
1323 766 1365 809 9.

973 829 1004 853 οι
1020 814 1088 861 τοὶς
1106 811 1230 860 πόλεις
1249 821 1323 866 45,
1334 823 1379 863 4.

972 872 1004 910 οἱ
1022 871 1091 918 τοὶς
1105 868 1243 925 τέχνας
1259 869 1335 919 61,
1345 880 1390 920 4.

969 926 1007 967 οἵ
1019 943 1061 967 τε
1081 925 1296 982 φαυλότεροι
1315 937 1389 980 43,
1404 935 1477 980 59.

970 986 1002 1024 οἷ
1020 983 1189 1038 τέττιγες
1208 992 1255 1038 5,
1273 993 1370 1025 102.
1492 1004 1494 1007 ·

971 1043 1002 1081 οἱ
1021 1040 1062 1082 τὸ
1079 1045 1194 1093 σῶμα
1210 1052 1256 1092 4,
1271 1050 1343 1095 95.

973 1101 1005 1139 οἱ
1020 1102 1092 1138 τῶν
1111 1097 1292 1150 φειδωλῶν
1314 1096 1468 1151 16,-17.

972 1159 1004 1197 οἱ
1023 1155 1156 1205 ὑψηλοὶ
1181 1166 1278 1204 101,
1295 1153 1359 1194 18.

970 1215 1003 1253 οἶ
1022 1211 1186 1264 φειδωλοὶ
1210 1211 1280 1262 16,
1298 1211 1367 1252 16.

972 1272 1004 1310 οἱ
1023 1267 1211 1322 φιλόσοφοι
1229 1277 1361 1323 55,5.
1379 1286 1382 1293 ¹

973 1329 1005 1367 οἱ
1021 1325 1182 1381 χρηστοὶ
1202 1341 1244 1366 π.
1264 1325 1336 1378 84,
1356 1330 1424 1366 11.

973 1383 1031 1424 οἶα
1051 1384 1089 1434 δὴ
1114 1394 1209 1434 102,
1223 1395 1267 1438 3.

971 1439 1033 1481 οἶδ’
1049 1442 1155 1481 ἀλλὰ
1180 1453 1198 1481 1
1210 1451 1278 1492 14,
1296 1449 1338 1493 7.

973 1497 1052 1538 οἶδα
1070 1496 1108 1538 δέ
1125 1497 1206 1538 ποτ’
1229 1510 1271 1553 9,
1289 1497 1360 1538 60.

972 1557 1098 1596 οικειον
1117 1556 1188 1610 67,
1205 1567 1271 1595 11.

915 1628 917 1631 ’
973 1615 1099 1660 οικειος
1115 1610 1330 1669 ἀνθρώποισι
1348 1622 1423 1667 43,
1439 1622 1509 1653 21.

972 1668 1152 1740 οἰκέτῃσιν
1171 1670 1217 1717 ὥς
1237 1670 1308 1720 62,
1322 1677 1397 1723 45.

970 1726 1101 1774 οἷκῆϊον
1121 1725 1314 1782 ελευθερίης
1338 1738 1407 1782 13,
1422 1737 1495 1778 40.

971 1782 1061 1825 οἴκοι
1079 1783 1196 1837 με’νειν
1210 1796 1283 1839 39,
1302 1795 1461 1836 11.14.
1491 1791 1566 1839 53,
1586 1795 1624 1824 1.

971 1841 1172 1912 οικοφθόςον
1191 1843 1263 1894 67,
1282 1840 1323 1882 8.
1630 1859 1632 1861 ’
1656 1861 1658 1863 ’

973 1897 1204 1968 οἰκτρότατον
1229 1908 1368 1952 107,2

972 1971 1066 2008 οιμοι
1087 1955 1262 2009 θανοῦμαι
1280 1954 1355 2010 38,
1370 1965 1440 1998 20.

972 2028 1065 2064 οιμοι
1086 2012 1207 2062 τάλας
1231 2024 1327 2066 107,
1339 2020 1384 2067 5.
1484 2023 1485 2026 ’

972 2067 1066 2122 οἴμοι
1086 2087 1140 2118 τις
1159 2072 1227 2111 ἀλ.
1251 2082 1348 2122 114,
1365 2068 1406 2110 8.

973 2125 1067 2180 οἴμοι
1083 2128 1125 2168 τὸ
1144 2135 1233 2168 λυπ.
1251 2139 1324 2182 99,
1336 2138 1381 2182 3.

972 2182 1167 2238 οἶνοβαρέω
1186 2184 1348 2237 κεφαλὴν
1370 2182 1522 2236 18,17.

892 2241 897 2246 ’
972 2239 1060 2289 οἶνος
1080 2241 1115 2281 δὲ
1135 2241 1345 2312 πολύφρονα.
1366 2239 1437 2289 18,
1458 2239 1525 2280 18.

973 2296 1059 2346 οἶνος
1076 2297 1258 2352 πινόμενος
1283 2297 1351 2348 18,
1365 2308 1434 2340 12.

974 2353 1062 2403 οινος
1080 2356 1148 2403 τοὶς
1165 2356 1323 2410 56,17.

974 2410 1062 2459 οινός
1080 2428 1135 2452 τοι
1150 2428 1234 2467 πυρι
1259 2411 1326 2462 18,
1339 2423 1382 2466 3.

973 2467 1042 2508 οἶον
1062 2467 1120 2509 ὅτε
1139 2468 1304 2523 τέτταρα
1319 2480 1365 2523 3,
1388 2476 1459 2521 70.

973 2523 1042 2565 οἷον
1059 2525 1101 2565 τὸ
1121 2523 1292 2580 γενέσθαι
1308 2526 1380 2579 76,
1395 2525 1436 2565 8.
1494 2557 1504 2561 -

971 2581 1077 2622 οἶσθα
1095 2585 1172 2637 γὰρ
1192 2581 1260 2629 οἶος
1280 2591 1350 2637 73,
1364 2591 1438 2637 37.

972 2637 1076 2679 οἶσθα
1095 2639 1162 2691 μὲν
1185 2637 1243 2679 οὖν
1264 2638 1335 2690 84,
1351 2649 1422 2690 24.
1487 2664 1489 2666 -

972 2695 1062 2736 οἷσιν
1082 2696 1200 2746 ἡδονὴν
1223 2707 1320 2745 112,
1339 2708 1403 2736 10.

970 2752 1061 2792 οἶσιν
1081 2755 1099 2792 6
1118 2750 1245 2805 τρόπος
1262 2760 1337 2807 37,
1355 2753 1425 2794 26.

970 2810 1062 2849 ὀκνῶ
1083 2808 1118 2848 δὲ
1133 2807 1283 2863 μόχθων
1305 2821 1376 2864 29,
1396 2809 1463 2850 16.

970 2864 1108 2906 ὁκόσων
1128 2864 1260 2919 λόγους
1280 2878 1326 2920 3,
1348 2865 1397 2906 81

971 2920 1134 2977 ὅκωσπερ
1154 2922 1234 2980 περὶ
1248 2935 1322 2975 44,
1344 2922 1411 2973 18.
