1838 3276
373 309 427 340 22
770 286 1026 331 IOANNIS
1058 283 1303 327 STOBAEI

929 400 998 457 38.
1019 399 1151 441 Idem.

434 482 521 523 Res
540 478 702 530 misera,
722 491 820 520 cum
839 475 893 518 sit
911 481 1023 517 recte
1043 471 1195 531 agendi
1215 468 1350 527 copia,

377 557 503 599 Tunc
523 569 650 613 quem
669 553 747 596 sibi
766 551 846 610 ipsi
865 558 1012 608 sponte
1031 549 1234 591 damnum
1253 558 1471 588 aoeersere.

873 637 942 680 39.
961 621 1213 665 Menomder.

435 701 519 753 Qui
536 716 634 759 quae
655 700 732 742 sibi
750 698 938 756 obtigere
956 711 1042 738 non
1059 695 1167 737 bene
1186 694 1268 736 fert
1285 693 1412 743 bona,

376 777 474 819 Non
494 783 556 818 est
567 774 724 817 ‘beatus
741 772 825 823 ille,
847 771 921 813 sed
941 784 1064 813 sensu
1083 778 1207 811 caret.

813 858 883 899 40.
906 844 1024 886 Idem
1050 841 1269 885 Thessala.
1342 872 1344 874 v

434 931 454 962 q
472 921 588 964 Male
606 936 730 979 agere
749 919 823 977 qui
843 917 937 961 vult
955 916 1076 960 facile
1094 923 1350 974 proetextum
1369 909 1540 954 invenit.

884 1004 956 1046 41.
978 991 1209 1032 Philemon.

436 1069 688 1126 Quicunque
707 1067 858 1110 mentis
876 1080 962 1108 non
982 1064 1080 1107 satis
1098 1077 1268 1120 compos
1287 1075 1376 1103 suae
1396 1068 1472 1110 est,

379 1143 534 1195 Audit,
555 1158 631 1185 nec
650 1141 771 1184 audit
789 1140 874 1192 ille,
895 1138 1011 1181 videt
1031 1146 1074 1180 et
1092 1151 1177 1179 non
1196 1135 1325 1178 videt.

849 1225 920 1268 42.
941 1211 1243 1270 Qharmus.
1369 1263 1372 1267 .

437 1289 583 1333 Cernit
594 1288 772 1339 animus,
788 1286 953 1329 animus
964 1300 1016 1327 au
1021 1283 1101 1326 dit:
1119 1282 1283 1339 reliqua
1294 1280 1423 1323 surda
1433 1288 1476 1322 et
1486 1293 1596 1329 eaeca
1605 1278 1716 1321 sunt}

902 1370 972 1414 43,
992 1356 1198 1400 Ceo-eides.
1514 1406 1523 1419 ἢ

438 1438 562 1479 Stans
576 1449 708 1493 prope
727 1435 802 1491 qui
821 1440 961 1491 posset
981 1430 1184 1488 sapientia
1201 1429 1315 1472 'clara
1333 1427 1466 1471 videri

381 1508 480 1561 His,
501 1507 657 1566 quibus
676 1521 800 1550 omne
818 1505 912 1548 luto

381 1584 467 1625 Cor
486 1581 640 1632 sordet,
660 1589 789 1638 atque
807 1580 910 1622 faece
929 1593 1014 1621 non
1032 1577 1271 1636 purgabili?

906 1666 975 1707 44.
993 1652 1199 1695 Incertus.

437 1728 606 1772 'rubam
625 1723 767 1770 audiit*
779 1741 863 1779 sus,
884 1725 952 1768 vel
970 1725 1112 1768 asinus
1130 1723 1397 1767 testudinem.

883 1813 953 1856 45.
980 1799 1212 1858 Theognis.

440 1876 540 1918 Non
558 1889 715 1932 paucos
735 1873 859 1916 satias
878 1873 1030 1916 evertit
1047 1872 1199 1915 mentis
1215 1886 1384 1930 egenos:

496 1948 677 1991 Difficile
696 1957 773 2000 est,
793 1947 952 1990 adsunt
967 1947 1065 1989 cuni
1083 1947 1210 1998 bona,
1230 1961 1351 1988 nosse
1370 1943 1562 1986 modum.v

850 2071 1154 2120 TITULUS
1187 2071 1248 2120 V.

791 2167 866 2204 DE
893 2164 1305 2206 TEMPERANTIA.

800 2264 835 2292 1.
858 2250 1099 2292 Menander
1121 2249 1301 2307 Gorgia

441 2324 481 2366 Ο
502 2323 677 2382 Gorgia,
697 2323 766 2366 ille
786 2323 851 2366 vir
869 2323 1054 2366 virorum
1075 2331 1137 2365 est
1157 2321 1343 2380 optimus

385 2396 469 2449 Qui
488 2396 637 2439 melius
656 2396 746 2439 aliis
764 2396 887 2440 callet
905 2397 1014 2439 ferre
1033 2396 1218 2453 injurias.

904 2483 940 2514 2.
962 2458 1210 2528 Euripides.

444 2542 518 2584 Nil
536 2542 750 2601 antiquius
767 2543 947 2586 arbitror

388 2616 641 2659 Fraenatrice
659 2616 864 2659 modestia

390 2691 496 2741 Quae
508 2706 677 2748 semper
695 2706 832 2734 comes
851 2698 914 2733 est
932 2688 1063 2732 bonis.

889 2851 905 2871 ⁹
922 2843 1020 2876 Refer
1034 2842 1077 2875 ud
1089 2841 1157 2874 Tit.
1175 2841 1220 2873 11.
