1780 3178
348 244 430 287 168
739 245 1000 289 IOANN-IS
1033 246 1277 290 STOBAEI

746 427 1048 478 TITULUS
1082 430 1273 479 LXIX.

422 544 530 582 PRO
550 535 807 583 'DIVERSIS
837 545 1140 585 CONJUGUM
1167 547 1416 587 MORIBUS
1444 549 1599 589 NUNC

521 615 811 661 PRODESSE,
840 616 1000 655 NUNC
1030 617 1232 657 OBESSE
1259 620 1504 660 NUPTIAS.

852 730 891 758 1.
918 717 1180 761 Theodectes.

404 787 577 838 Quoties
596 787 772 830 maritus
790 788 909 831 ducit
929 805 1103 833 uxorem
1124 791 1313 844 domum,

347 861 445 903 Non
465 860 534 903 ille
554 861 682 904 solam
702 861 820 904 ducit
839 877 1029 915 uxorem,
1050 873 1100 906 ut
1119 872 1254 921 putat.

346 934 459 976 Cum
478 943 613 992 nupta
630 935 785 976 festum
805 934 983 977 transilit
1001 935 1128 978 limen
1146 937 1269 994 pede,

346 1006 537 1049 Fortuna
555 1007 711 1065 pariter
730 1007 859 1050 intrat
878 1017 953 1050 aut
972 1008 1083 1051 bona
1101 1017 1176 1051 aut
1195 1009 1316 1052 mala.

867 1095 904 1126 2.
926 1082 1152 1124 Suam-ion.

403 1152 567 1195 Audite
584 1153 769 1211 populus
786 1169 885 1212 quae
907 1155 1104 1197 Susarion
1122 1155 1309 1199 dictitat:

346 1224 529 1277 Malum,
552 1225 748 1279 Quirites,
769 1226 930 1269 mulier.
983 1228 1151 1270 Interea
1169 1236 1309 1270 tamen

347 1296 440 1339 Coli
459 1306 631 1355 penates
650 1308 867 1356 nequeunt
886 1300 1046 1357 absque
1064 1299 1144 1342 isto
1163 1300 1296 1344 malo:

346 1371 514 1414 Malum
534 1381 596 1415 est
615 1388 792 1416 uxorem
811 1373 980 1426 ducere,
1001 1383 1044 1417 et
1062 1389 1147 1417 non
1166 1374 1330 1418 ducere.

855 1460 897 1503 3.
918 1447 1170 1506 Euripide-9.

401 1518 492 1560 Nec
511 1518 598 1561 vita
616 1519 848 1577 conjugalis
866 1520 1050 1564 infausta
1068 1522 1277 1574 omnibus,

343 1591 434 1634 Nec
454 1591 592 1634 fausta
610 1608 766 1635 rursus.
818 1594 930 1636 Nam
950 1594 1061 1638 mala
1078 1610 1188 1638 uxor
1206 1597 1389 1640 maxima
1406 1607 1470 1641 est

345 1665 530 1708 Miseria.
583 1665 706 1709 Felix
725 1667 794 1710 ille
813 1667 888 1725 qui
907 1669 1064 1726 reperit
1082 1670 1250 1713 bonam.

851 1754 892 1795 4.
915 1743 1167 1786 Menander.

802 1815 855 1858 S.
878 1816 939 1858 Ut
958 1816 1104 1869 fatear,
1125 1817 1314 1875 displicet

346 1884 434 1926 Res
452 1884 556 1942 ipsa.
608 1886 660 1927 Α.
683 1886 848 1945 Nempe
868 1888 969 1946 quia
989 1889 1269 1933 sinistrorsum
1289 1893 1401 1950 rapis

345 1955 560 2013 Quicquid
579 1957 815 2011 molestum,
836 1955 1039 2018 quicquid
1057 1961 1279 2006 adversum
1298 1965 1449 2009 accidit

345 2029 510 2072 Tecum
529 2029 618 2087 ipse
638 2040 812 2090 spectem,
834 2041 876 2076 et
894 2034 1089 2078 connives
1108 2036 1161 2078 ad
1181 2037 1303 2080 bona.

343 2103 482 2161 Atqui
502 2103 604 2146 nihil
625 2120 818 2163 usquam,
841 2107 1014 2166 Simyle,
1035 2109 1220 2154 invenias
1238 2112 1339 2155 boni

345 2176 429 2219 Cui
448 2176 566 2220 nulla
585 2192 628 2220 se
647 2178 744 2220 mali
764 2179 1031 2224 admiscuerit
1050 2183 1199 2239 portio.

342 2249 504 2293 Mulier
522 2251 696 2311 opipara
714 2268 780 2295 res
798 2253 972 2297 molesta
990 2264 1066 2307 est,
1086 2271 1162 2298 nec
1182 2257 1279 2299 sinit

342 2322 490 2365 Virum
509 2338 588 2382 pro
606 2324 780 2368 arbitrio
798 2326 959 2370 vivere:
990 2327 1080 2371 haec
1100 2329 1244 2371 eadem
1265 2334 1404 2374 tamen

342 2396 430 2439 Sua
448 2397 667 2440 commoda
683 2398 834 2450 adfert,
849 2399 1022 2442 liberos:
1054 2415 1235 2444 mersum
1254 2404 1372 2460 gravi

342 2470 499 2513 Morbo
517 2471 714 2514 maritum
734 2482 854 2515 curat
871 2473 1143 2527 familiariter,

342 2543 434 2586 Nec
453 2543 759 2587 conflictantem
779 2561 875 2588 cum
897 2548 1089 2590 Fortuna
1107 2548 1282 2591 deserit:

342 2616 545 2660 Defuncti
566 2618 783 2676 exsequias
802 2620 880 2662 rite
899 2630 1030 2663 curat.
1083 2622 1257 2680 Respice

339 2689 417 2732 Ad
436 2690 528 2742 ista,
551 2691 584 2733 si
604 2692 708 2750 quid
731 2693 843 2735 taedii
863 2693 1002 2736 animo
1020 2695 1247 2738 obvenerit.

342 2763 413 2806 Ita
431 2778 518 2806 rem
539 2764 646 2807 feres
665 2765 836 2809 facilius.
893 2766 964 2810 Sin
985 2768 1188 2826 quicquid
1208 2769 1321 2813 dolet
