1838 3276
443 302 906 347 FLORILEGIUM.
934 304 1038 348 Trr.
1072 320 1138 352 20.

626 418 693 462 26.
714 418 920 461 Incertus.

163 487 284 545 Saepe
298 503 350 531 ex
370 489 545 532 miseriis
561 490 624 533 ira
641 491 832 534 eoncitur
850 492 1005 549 gravis,

104 561 167 611 Et
184 573 332 621 pectus
350 579 465 607 error
484 563 631 607 nubilo
648 564 927 607 circumsidet.
1071 622 1076 625 q

622 650 688 692 27.
712 639 919 680 Incertus.
977 675 979 678 Α
1011 673 1014 678 ,

162 707 315 760 Stulte,
335 709 378 751 in
398 708 571 751 miseriis
589 709 652 751 ira
669 708 922 752 damnosum
937 717 1001 752 eet
1019 709 1189 754 nulum.

584 783 652 826 28.
673 784 958 827 Archilochia.

159 855 317 898 Anime
335 865 491 909 noster,
510 857 648 900 anime
670 857 763 914 jam
782 872 896 900 nunc
914 866 1099 900 aestuans
1116 873 1220 901 cura
1236 860 1372 917 gravi,

103 925 243 970 Fortis
260 927 438 981 obdura,
458 939 587 987 atque
604 930 650 972 in
668 930 809 973 hostes
826 930 1000 973 obvium
1018 941 1166 989 pectus
1179 932 1322 976 'ferens

102 999 375 1046 Imminentes
393 1003 501 1047 inter
519 1004 660 1048 hastas
678 1020 789 1062 pone
807 1019 1003 1048 securum
1020 1006 1185 1064 pedem.
1293 1029 1295 1031 ·

102 1072 194 1117 Nec
212 1074 312 1118 data
329 1075 506 1120 nimium
524 1077 668 1131 feroci,
689 1078 723 1121 si
742 1078 883 1131 datur,
901 1078 1098 1122 victoria:

100 1147 192 1192 Nec
210 1164 328 1193 secus
347 1150 381 1193 si
406 1150 512 1208 quid
529 1151 725 1195 ceciderit
743 1161 898 1195 stratus
915 1152 960 1194 in
978 1152 1141 1196 luctum
1153 1154 1259 1211 jace.

101 1223 214 1266 Cum
233 1224 360 1267 modo
377 1224 519 1268 laetare
537 1225 655 1278 felix,
675 1241 774 1268 cum
793 1226 921 1268 modo
939 1226 1085 1269 infelix
1102 1227 1212 1280 dole,

100 1295 186 1348 Qui
205 1297 351 1341 videns
368 1299 602 1357 quantique
618 1315 739 1342 casus
756 1315 823 1342 res
841 1309 970 1358 agant
988 1302 1239 1345 mortalium.
1292 1319 1295 1323 ’

532 1384 601 1428 29.
621 1372 854 1430 Szsphocles
869 1373 1002 1429 Tyro.

158 1451 179 1474 ⁸
191 1443 362 1502 Sopitus
379 1445 545 1488 animus
562 1445 607 1488 in
625 1445 745 1488 malis
759 1445 943 1489 multum
962 1446 1089 1489 videt.

512 1531 583 1575 30.
604 1519 844 1577 Euripides
857 1520 1024 1563 Medea.

500 1592 619 1644 Quid
636 1602 734 1650 aget
754 1593 923 1636 tandem

100 1660 219 1705 Male
237 1671 474 1717 tractatum,
492 1665 566 1707 vix
585 1665 721 1708 sedari
890 1664 893 1665 ⁷

100 1733 271 1778 Patiens
289 1750 347 1790 se,
366 1737 681 1795 magnanimum
700 1742 798 1781 cor?

602 1824 673 1869 32.
694 1813 927 1870 Sophocles.

156 1881 319 1923 Amens
337 1882 510 1939 quidem
530 1883 629 1926 satis
646 1883 742 1927 ille:
774 1886 922 1928 verum
939 1885 1042 1943 ipsae
1059 1887 1206 1944 magis,

98 1953 229 2005 Queis
246 1953 344 2011 plus
362 1953 568 1998 valentem
587 1955 712 1998 libuit
731 1956 872 2000 ulcisci
891 1956 1040 2000 virum.

614 2041 685 2084 33.
708 2028 915 2072 Incertus.

154 2097 177 2128 b
188 2097 450 2153 Adversitati
469 2100 662 2158 quisquis
677 2101 811 2144 iratus
830 2117 918 2145 suae

99 2171 366 2215 Medioemen
385 2182 504 2231 aptat
519 2173 692 2232 gravius
705 2175 970 2233 aegritudine,

98 2244 198 2287 Non
215 2253 278 2287 est
296 2245 456 2303 peritus
473 2245 543 2289 ille
561 2247 736 2290 sanandi
753 2247 917 2291 artifex.

509 2333 578 2376 34.
599 2321 832 2378 Neopkron
850 2322 1016 2363 Medea.

153 2391 270 2443 Quid
287 2392 393 2435 adeo
411 2407 624 2451 properas,
644 2393 807 2437 anime?
834 2395 1029 2438 oonsulta
1045 2404 1270 2454 antequam

95 2465 208 2507 Tam
227 2464 342 2507 foeda
359 2466 538 2524 peragis,
551 2467 776 2526 capitaque
793 2468 886 2511 haec
904 2469 1143 2512 charissima

93 2537 192 2580 Tibi
212 2538 341 2582 sumis
359 2538 509 2582 hostes.
561 2540 720 2583 Misera
739 2556 827 2599 quo
845 2542 994 2585 tendas
1012 2544 1120 2586 vide.

96 2610 207 2653 Saevi
225 2610 378 2653 furoris
395 2611 575 2669 reprime
593 2621 795 2655 conatum
803 2613 994 2671 impium.
1167 2616 1169 2619 ’

98 2683 184 2726 Sed
202 2683 302 2735 heu,
320 2684 427 2741 quid
444 2684 525 2728 ista
541 2685 701 2743 pectori
719 2695 871 2741 moesto
888 2702 1056 2745 queror,

226 2853 241 2868 ·
255 2847 355 2880 Refer
370 2849 411 2880 ad
421 2847 489 2881 ‘m
505 2849 602 2881 xm.
620 2831 624 2834 ’
847 2850 864 2872 ⁸
879 2852 977 2884 Refer
992 2852 1033 2883 ad
1047 2852 1117 2884 Tit.
1133 2852 1263 2885 xvm.

156 2919 252 2948 von.
276 2920 337 2949 1v.
669 2901 675 2907 ’
799 2923 826 2949 1¹·
