1838 3276
441 275 495 320 28
834 271 1095 318 IOANNIS
1127 270 1372 315 STOBAEI

838 413 904 458 27.
926 401 1183 460 Aristophon
1203 401 1382 443 Medico.

501 479 620 520 Inter
639 486 798 520 sacrata
817 486 916 520 sunt
934 477 1086 520 domus
1104 476 1407 519 meretricium:

441 551 553 592 Nam
572 564 656 591 non
676 549 808 591 solent
826 556 969 607 patere
987 548 1047 591 nil
1066 547 1331 591 habentibus.

751 637 816 681 28.
837 635 1115 694 Apollodorus
1137 635 1465 678 Calmnniatmv.

501 711 654 752 Forem
673 718 790 751 vecte
809 707 1070 766 oppilamus:
1101 717 1146 750 at
1166 724 1289 750 nemo
1308 707 1473 750 interim

442 782 563 825 Adeo
581 782 814 824 obseratam
829 781 1006 838 januam
1025 781 1124 824 fecit
1142 781 1275 833 faber,

445 857 551 908 Quae
570 870 655 898 non
673 854 746 898 feli
765 864 927 912 pateret
946 863 1074 913 atque
1093 855 1297 898 adultero.

991 957 1058 1002 29.
1081 945 1233 988 Batho.

501 1029 614 1070 Cum
631 1027 719 1070 vita
737 1027 781 1069 in
800 1027 1019 1070 hominum
1039 1027 1171 1085 vulgo
1189 1036 1411 1071 occurrant
1430 1026 1612 1084 plurima

443 1101 609 1155 Quibus
627 1101 834 1144 excitatur
852 1101 983 1143 libera
1001 1100 1250 1158 indignatio,

441 1175 556 1217 Tum
575 1174 678 1216 mihi
698 1174 825 1216 bilem
844 1173 904 1216 illi
923 1183 1021 1216 ante
1041 1173 1143 1216 alios
1162 1174 1375 1231 praecipue
1394 1183 1578 1225 movent,

443 1248 645 1306 Flagrare
665 1263 805 1291 amore
824 1257 990 1290 morum
1010 1247 1086 1305 qui
1107 1263 1149 1289 se
1168 1247 1377 1299 dictitant,

443 1324 504 1365 Et
525 1322 582 1365 sic
599 1322 729 1365 latere
749 1331 930 1380 sperant,
952 1322 1057 1366 dum
1078 1321 1195 1379 quod
1214 1321 1399 1364 sentiunt

444 1396 635 1454 Pingunt
654 1395 791 1438 colore
810 1411 920 1438 vano
938 1395 1196 1439 falsimonioe.

445 1468 571 1520 Quod
590 1484 772 1526 namque
790 1484 926 1512 mores
945 1469 1108 1521 attinet,
1124 1469 1294 1527 juvenis
1314 1469 1416 1521 seni,

444 1541 522 1584 Vel
541 1541 656 1584 laevis
669 1542 796 1594 hirto,
816 1557 893 1600 per
914 1543 946 1584 J
947 1557 1082 1594 ovem,
1105 1542 1211 1599 quid
1229 1542 1423 1585 interest?

930 1643 999 1687 30.
1023 1631 1299 1673 Phoenic-ides.

503 1714 602 1756 Non
621 1729 791 1771 possum
811 1714 940 1756 vitam
962 1713 1115 1757 ducere
1134 1714 1242 1757 hanc
1261 1715 1551 1764 meretriciam,

446 1789 516 1830 Ita
533 1802 601 1829 me
621 1788 764 1829 Venus
783 1796 908 1840 amet,
931 1787 1108 1846 Pythias
1125 1805 1134 1831 :
1167 1803 1243 1831 nec
1263 1788 1330 1830 dic
1349 1788 1467 1839 mihi,

444 1861 651 1919 Disperii:
685 1861 790 1903 nihil
809 1861 854 1904 id
873 1861 928 1904 ad
947 1877 1030 1914 me,
1051 1862 1177 1920 cupio
1197 1862 1405 1908 absistere.

445 1936 627 1981 Amator
646 1935 807 1992 primus
826 1935 979 1992 obtigit
998 1935 1116 1978 miles
1134 1934 1262 1977 mihi:

446 2007 492 2048 Is
512 2006 614 2048 mihi
634 2007 829 2049 narrabat
849 2022 1015 2064 pugnas
1033 2006 1272 2059 liberaliter,

445 2081 506 2122 Et
525 2079 700 2122 vulnera
719 2080 976 2123 ostentabat:
1010 2080 1083 2123 sed
1103 2080 1233 2123 dabat
1251 2079 1368 2123 nihil.

446 2154 611 2196 Multas
630 2169 656 2195 a
676 2154 796 2211 Rege
817 2169 859 2195 se
877 2152 1066 2195 retulisse
1085 2152 1242 2210 gratias
1267 2170 1270 2174 ’

448 2227 728 2278 Memorabat,
749 2235 941 2284 repetens
959 2226 1040 2269 hoc
1058 2226 1287 2270 identidem
1306 2226 1424 2278 mihi,

446 2301 507 2341 Et
526 2309 699 2357 propter
716 2299 807 2342 illas
826 2315 932 2358 quas
951 2299 1149 2342 narrabat
1167 2300 1324 2357 gratias

444 2373 603 2414 Totum
624 2372 701 2414 sibi
721 2387 880 2414 annum
900 2387 967 2414 me
986 2371 1176 2415 ductavit
1194 2372 1365 2429 gratiis:

447 2444 587 2495 Quare
607 2443 720 2486 hunc
740 2443 901 2501 reliqui.
956 2442 1152 2487 Glorioso
1171 2443 1293 2487 militi

448 2517 652 2559 Successit
671 2516 871 2569 medicus,
892 2517 1048 2560 multos
1066 2517 1141 2575 qui
1161 2518 1369 2575 quottidie

448 2590 613 2632 Urebat
631 2599 673 2632 et
692 2589 870 2642 secabat,
892 2605 1055 2648 pauper
1074 2590 1274 2643 carnifeX‚

448 2661 533 2713 Qui
551 2661 654 2703 mihi
674 2661 808 2704 multo
827 2661 899 2703 illo
918 2661 1033 2704 visus
1053 2671 1115 2704 est
1134 2661 1364 2704 crudelior:

449 2733 660 2775 Narrabat
679 2733 748 2776 ille
767 2734 882 2791 quod
902 2733 971 2777 hic
990 2733 1170 2776 faciebat
1189 2733 1347 2776 sedulo.

449 2807 639 2848 Fortuna
658 2807 825 2850 tertium
846 2806 948 2850 mihi
968 2807 1086 2850 dedit
1105 2806 1416 2865 philosophum,
1451 2809 1465 2821 ⁸*

450 2879 531 2921 Cui
553 2879 725 2936 pallium
746 2889 834 2923 erat
853 2890 895 2923 et
915 2880 1046 2922 barba
1065 2889 1107 2922 et
1127 2894 1365 2922 sermonum
1385 2878 1505 2922 satis.-
