1780 3178
360 266 387 297 ,ι
395 266 449 310 24
758 256 1021 300 IOANNIS
1052 257 1296 301 STOBAEI

797 408 1101 461 TITULUS
1134 413 1268 463 LIV.

412 510 491 549 DE
517 511 976 556 IMPERATORIBUS,
1004 512 1078 550 ET
1106 512 1550 557 PERTINENTIBUS
1578 515 1652 554 AD

784 581 1018 620 BELLUM
1044 583 1277 623 MONITA.

896 680 932 708 1.
953 668 1162 710 Incertus.

416 748 437 779 y
455 738 662 782 Praeclara
681 739 793 782 faeta
810 739 919 783 ratio
937 740 1083 784 nutrix
1103 742 1267 785 educat.

891 826 928 857 α.
951 815 1160 858 Incertus.

417 883 599 926 Perfecit
618 884 694 927 has
713 900 779 927 res
798 885 920 937 ratio,
942 901 1028 929 nnn
1046 888 1182 931 robur
1197 904 1358 932 manus.

881 972 923 1016 3.
940 961 1176 1018 Stfflhocles.

415 1034 580 1075 Dextra
598 1032 761 1075 valente
780 1032 878 1090 plus
896 1033 1007 1076 valet
1028 1034 1241 1092 sapientia.

900 1121 944 1162 4.
965 1108 1148 1167 Agatho.

412 1179 587 1222 Valente
607 1179 758 1222 dextra
760 1180 918 1238 potior
933 1189 997 1223 est
1015 1181 1252 1239 prudentia.

759 1263 800 1310 5.
821 1255 1062 1312 Euripides
1080 1256 1279 1314 Antiqua.

412 1325 608 1383 Sapiente
627 1341 728 1368 cura
746 1326 891 1369 civitas
910 1326 1087 1370 feliciter

354 1399 602 1456 Domusque
621 1399 806 1456 regitur:
838 1400 985 1442 eadem
1003 1410 1046 1443 et
1064 1400 1120 1444 ad
1139 1401 1299 1445 bellum
1322 1403 1440 1447 valet.

354 1472 568 1514 Sententia
587 1485 675 1514 una
690 1472 821 1515 vincit
838 1473 1079 1517 innumeras
1098 1490 1259 1519 manus.

268 1568 271 1573 v
352 1545 483 1588 Multi
502 1545 683 1603 imperiti
701 1546 827 1603 plena
844 1562 911 1590 res
931 1547 1195 1593 discriminis.

849 1620 888 1661 6.
910 1620 1031 1662 Idem
1048 1621 1195 1664 AEolo.

408 1692 482 1734 Vis
501 1692 656 1750 exigua
674 1700 736 1735 est
755 1696 1053 1751 'quamcunque
1070 1694 1230 1738 homini

350 1766 516 1807 Natura
534 1765 674 1808 dedit:
705 1765 803 1823 plus
822 1765 1002 1809 consiliis

349 1839 556 1895 Superare
575 1838 736 1881 datum.

753 1922 792 1968 7.
809 1913 929 1955 Idem
949 1914 1278 1973 Bellerqphonte.

404 1984 548 2042 Magis
567 1984 778 2028 timendus
798 1986 874 2043 qui
894 1995 1011 2030 tener
1030 2002 1234 2047 magnum
1253 1989 1375 2048 sapit,

345 2059 483 2109 Quam
503 2057 663 2101 roboris
681 2058 757 2116 qui
775 2058 927 2116 plenus
944 2060 1114 2118 ingenio
1129 2071 1262 2105 vacat.

794 2131 833 2174 8.
856 2133 975 2175 Idem
995 2135 1232 2177 Palamede.

401 2205 545 2247 Duces
563 2204 745 2262 reperias
763 2204 900 2249 mille.
932 2216 977 2249 at
996 2222 1130 2250 unum
1150 2215 1278 2266 atque
1296 2208 1474 2253 alterum

344 2277 428 2330 Qui
447 2278 572 2356 corde
593 2278 725 2337 sapiat
744 2278 871 2338 longa
889 2280 961 2323 vix
981 2281 1146 2325 dederit
1163 2282 1264 2326 dies.

834 2369 874 2411 9.
896 2355 1015 2397 Idem
1035 2355 1186 2399 Rheso.

399 2426 575 2469 Utinam
594 2427 753 2470 valeres
771 2438 926 2481 mate,
947 2428 990 2470 vi
1009 2438 1217 2486 quantum
1238 2445 1410 2474 manus:

342 2500 426 2542 Sed
446 2514 568 2542 nemo
587 2500 748 2543 cunctis
766 2501 893 2545 rebus
911 2517 965 2545 ex
985 2516 1108 2560 mquo
1127 2503 1244 2549 utilis

341 2573 594 2630 Reperitur:
626 2573 743 2616 aliud
762 2574 881 2617 alteri
900 2591 1056 2619 munus
1075 2576 1249 2620 datum:

340 2646 429 2688 Alii
449 2646 612 2689 dabunt
631 2647 822 2691 consilia:
844 2660 1045 2706 'pugnare
1065 2658 1127 2692 est
1147 2658 1281 2692 tuum.

603 2800 617 2820 y
632 2794 729 2826 Refer
744 2795 784 2826 ad
801 2794 869 2838 Titv
887 2795 952 2828 111.
969 2799 1005 2827 ut
1021 2798 1054 2827 et
1070 2795 1237 2836 sequentia
1251 2797 1410 2837 quaedam.
