1780 3178
354 261 439 307 274
756 247 1014 292 IOANNIS
1046 246 1284 292 STOBAEI

354 365 521 423 Incipit,
543 380 738 423 aequoreo
756 364 941 408 residens
959 364 1004 406 in
1016 363 1163 407 'littore
1182 371 1322 415 canto,
1685 392 1687 394 -

352 441 416 482 Te
436 440 622 492 surdam,
645 439 836 492 Galatea,
856 453 1014 481 vocans
1029 454 1167 496 prece.
1210 437 1377 482 Blanda
1394 444 1534 479 tamen
1553 448 1648 493 spes
1707 443 1709 454 ²

358 515 436 556 Me
455 514 570 557 fovet
586 514 641 557 ad
662 528 869 556 summam
889 527 974 555 non
994 510 1246 555 dimittenda
1265 518 1483 554 senectam.

790 711 1095 761 TITULUS
1130 704 1269 759 CXI.

644 846 718 883 DE
747 844 1064 884 INSPERATIS
1093 842 1418 883 EVENTIBUS.
1478 863 1483 867 -

886 967 922 996 1.
944 953 1194 1012 Euripides.

421 1032 538 1087 Spes,
560 1036 673 1084 nate,
693 1028 884 1071 volucres
904 1028 1103 1086 sequeris,
1125 1029 1169 1070 at
1187 1043 1272 1070 non
1292 1037 1334 1071 te
1353 1027 1477 1070 simul

362 1105 578 1146 Fortuna:
611 1103 757 1145 vultus
776 1103 848 1145 illa
866 1102 1112 1161 multiplicis
1132 1105 1226 1146 Dea
1246 1113 1319 1146 est.

946 1189 983 1219 2.
1005 1178 1136 1219 Idem.

420 1252 472 1293 A.
495 1252 562 1293 Ne
583 1267 676 1309 spes
695 1251 838 1293 inanes
854 1251 972 1293 fletui
992 1251 1181 1309 opponas
1195 1267 1301 1295 meo.

365 1324 418 1365 B.
440 1325 499 1365 At
518 1323 652 1366 multa
670 1339 747 1366 nec
767 1332 932 1381 sperata
951 1323 1206 1382 proveniunt
1225 1324 1376 1367 tamen.
1438 1348 1446 1362 ι

890 1410 931 1453 3.
954 1398 1182 1440 Patrocles.

422 1471 494 1513 En
514 1485 626 1512 nunc
646 1478 696 1513 ut
714 1470 786 1513 illa
805 1470 935 1513 verba
954 1478 1018 1513 tot
1038 1479 1124 1513 tam
1143 1472 1322 1529 grandia

360 1543 553 1586 Fortuna
571 1543 616 1586 in
635 1552 798 1586 arctum
819 1552 906 1586 tam
925 1560 1075 1602 repens
1094 1546 1361 1604 compegerit.

364 1618 480 1670 Quid
500 1634 601 1676 ergo
621 1633 732 1661 saevo
745 1618 881 1676 jurgii
900 1619 1124 1662 certamine

366 1693 586 1735 Minamur
605 1692 696 1735 aliis
715 1708 870 1750 magna
888 1693 1084 1736 mortales
1103 1693 1227 1746 mala,

365 1767 505 1808 Manu
525 1765 795 1824 exsequenda
813 1775 965 1808 cuncta
983 1766 1356 1809 dumconfidimus

366 1842 570 1884 Prorsum
591 1843 781 1883 tuentes?
811 1840 979 1883 interim
999 1853 1086 1883 non
1104 1841 1320 1884 cernimus-

366 1917 481 1968 Quas
500 1916 756 1959 calamitates
774 1918 896 1958 casus
914 1931 941 1958 a
959 1923 1080 1973 tergo
1098 1916 1218 1959 ferat.
1399 1968 1412 1975 -

749 2003 794 2044 4.
812 1991 1054 2048 Euripides
1074 1991 1322 2034 Protesilao.

425 2066 530 2122 Spes
549 2079 658 2107 vana
672 2063 816 2106 multis
837 2079 947 2122 saepe
966 2080 1074 2122 quos
1092 2063 1220 2108 lactat
1238 2062 1371 2109 nocet.

846 2148 886 2194 5.
910 2139 1030 2180 Idem
1053 2137 1227 2197 OEdipo.

425 2210 685 2268 Plerumque
705 2225 782 2253 nec
801 2210 971 2269 sperata
988 2211 1198 2254 delectant
1217 2211 1359 2271 magis'

367 2285 505 2336 Quam
526 2300 623 2342 quae
645 2284 722 2327 sibi
743 2285 951 2343 antecepit
971 2285 1222 2343 expectatio.

753 2360 795 2401 6.
817 2359 936 2401 Idem
957 2359 1126 2412 Medea,
1147 2366 1187 2402 et
1205 2360 1323 2402 abab&
1375 2357 1378 2360 ’

422 2433 549 2490 Spem
570 2439 724 2490 praeter
743 2441 846 2474 eunt
865 2432 908 2474 vi
928 2432 1064 2476 multa
1084 2435 1248 2477 Deum:

363 2506 464 2548 Non
483 2505 738 2563 proveniunt
757 2505 916 2549 credita
929 2506 1148 2583 quamvis:

361 2578 589 2637 Insperatis
609 2595 800 2637 reperere
819 2579 942 2623 viam.

831 2663 870 2709 7.
894 2653 1010 2696 Idem
1029 2655 1240 2697 Alcmena.

421 2725 595 2768 Fortem
613 2726 743 2769 indue
763 2726 962 2770 animum.
1018 2729 1139 2785 Saepe
1159 2737 1257 2771 sunt
1276 2744 1302 2771 a
1321 2729 1404 2772 Dis
1422 2729 1534 2773 bona

363 2799 528 2843 Exorta
547 2800 786 2843 hominibus
807 2801 921 2843 unde
940 2816 1025 2843 non
1046 2810 1322 2859 speraverant}
1356 2799 1358 2802 ”
