1780 3178
384 277 463 334 178
781 278 1044 320 IOANNIS
1077 276 1315 321 STOBAEI

787 396 854 440 17.
875 385 993 427 Idem
1013 386 1321 429 Andromacha.

669 461 740 502 Ex
760 459 934 502 miseriis
953 458 1146 501 foeminas

381 532 587 584 Quaedam
607 531 802 590 voluptas
822 532 1026 589 sequitur,
1047 532 1159 590 ipsas
1178 532 1361 575 miserias

381 605 430 647 In
451 621 522 647 ore
541 605 695 648 habere
715 607 879 663 semper
898 614 940 648 et
958 604 1106 662 lingua
1125 604 1234 648 sitas.

926 678 990 720 18.
1011 678 1186 720 Ibidem.

441 753 602 794 Natum
622 750 809 794 invidere
829 760 891 794 est
912 765 1035 793 omne
1054 751 1301 794 foemineum
1319 766 1470 809 genus,

383 828 472 868 Nec
493 842 613 884 posse
633 825 805 868 thalami
824 826 933 868 ferre
952 834 1185 868 consortem
1205 825 1281 867 sui.

924 912 988 955 19.
1011 900 1184 941 Ibidem.

441 975 665 1016 Confiteor.
717 973 856 1030 Atqui
876 973 1113 1015 belluarum
1133 972 1340 1016 morsibus

383 1049 444 1090 Et
464 1047 667 1106 anguium
687 1046 837 1105 aliquis
856 1046 1041 1090 remedia
1058 1046 1218 1090 invenit
1238 1047 1380 1091 Deus:

384 1124 544 1165 Contra
562 1122 792 1174 mulierem,
813 1121 959 1179 vipera
976 1122 1099 1179 pejus
1118 1121 1275 1164 malum
1325 1134 1332 1147 ⁸

383 1196 673 1254 Flammaque,
693 1195 810 1238 nulla
827 1195 999 1255 inventa
1016 1195 1222 1238 medicina
1239 1195 1456 1238 hactenus.

380 1272 489 1313 Tam
510 1286 620 1313 saeva
638 1269 781 1328 generi
799 1270 928 1327 pestis
946 1269 1133 1312 humano
1144 1284 1309 1311 sumus.

774 1356 840 1388 20.
864 1343 983 1385 Idem
1002 1343 1333 1400 Bellerophonte.

442 1419 480 1459 O
500 1417 767 1460 foeminarum
787 1416 987 1474 pessima:
1019 1416 1101 1459 hoc
1119 1416 1164 1458 in
1183 1416 1351 1459 nomine

365 1492 497 1553 ‘Nam
518 1491 755 1533 continetur
774 1490 977 1548 quicquid
997 1499 1059 1533 est
1078 1490 1303 1548 opprobrii.

857 1577 925 1609 21.
948 1565 1067 1606 Idem
1087 1566 1254 1607 Damae.
1319 1555 1323 1558 Δ

443 1640 514 1681 Ita
533 1638 644 1680 fama
663 1637 871 1695 perhibet,
892 1637 1085 1679 foeminas
1105 1645 1199 1681 astu
1220 1637 1352 1694 magis

386 1712 563 1764 Pollere,
585 1712 684 1754 ferri
702 1712 829 1755 laude
848 1711 1031 1769 potiores
1050 1711 1183 1753 viros:

385 1787 496 1828 Nam
517 1787 550 1829 si
570 1787 741 1829 daretur
760 1786 983 1828 fraudibus
1002 1785 1188 1837 victoria,
1239 1812 1242 1819 ι

384 1860 514 1903 virile
533 1870 694 1903 nostras
713 1860 792 1903 iret
810 1860 855 1902 in
872 1859 986 1917 leges
1003 1875 1149 1918 genus.

926 1946 992 1979 22.
1017 1935 1197 1976 Ibidem.

441 2008 601 2050 Tecum
621 2008 807 2051 fatebor:
841 2008 899 2050 nil
919 2007 999 2050 nisi
1017 2007 1197 2066 spolium
1217 2023 1361 2050 sumus

386 2080 556 2123 Miserae
577 2081 784 2133 mulieres,
807 2081 850 2123 ni
869 2080 1006 2124 virum
1026 2076 1161 2123 virtus
1174 2081 1310 2138 juvet.

816 2167 881 2211 23.
904 2155 1023 2196 Idem
1043 2155 1292 2212 Hippolyto.

673 2228 844 2285 Proque
862 2228 951 2286 igni
971 2243 1107 2271 novus

368 2301 592 2343 ‘Successit
610 2300 733 2358 ignis,
755 2310 883 2359 atque
901 2301 1228 2359 inexpugnabile

385 2373 568 2425 Malum,
590 2373 793 2416 mulieres.

895 2457 962 2498 24.
985 2446 1104 2487 Idem
1124 2446 1217 2487 Ino.

442 2519 611 2569 Quanto
630 2518 739 2560 virili
761 2533 885 2561 sexus
904 2515 1107 2561 infelicior

383 2592 465 2633 Est
483 2590 767 2633 foeminarum!
800 2592 959 2650 quippe
978 2601 1185 2649 quantum
1205 2591 1434 2650 linquimur

384 2665 566 2717 Virtute,
588 2673 753 2719 tantum
773 2665 922 2708 scelere
942 2681 1188 2723 superamus
1207 2665 1327 2708 viros.

923 2751 948 2782 2
948 2749 990 2796 5.
1014 2739 1183 2782 Ibidem.

444 2813 483 2853 Ο
503 2812 652 2855 misera
670 2814 771 2865 vita,
792 2822 961 2871 pectora
979 2830 1006 2857 o
1026 2815 1268 2858 muliebria:
