1780 3178
414 233 880 276 FLORILEGIUM.
911 233 1022 288 Tira*
1038 246 1132 276 121.

127 344 226 388 Vita
243 345 398 403 agitur,
419 355 521 390 tunc
541 347 762 404 utriusque
779 346 998 389 discrimen
1014 356 1143 404 patet.

571 434 590 463 1
605 433 636 462 ι.
659 421 778 463 Idem
798 421 1011 478 .Dpickro.

478 528 482 532 .
639 483 862 552 Tanquam
881 494 925 536 in
944 494 1073 537 choro

33 567 38 578 '
125 566 224 608 Non
243 574 412 609 cantant
430 582 588 618 omnes,
609 567 777 610 adstant
797 567 870 610 sed
889 568 1155 610 cantantibus

125 638 254 681 Silere
263 639 371 696 jussi
390 638 491 691 duo,
514 647 612 691 tres,
633 642 820 682 extremo
839 640 986 682 ordine

123 711 242 754 Nihil
261 712 339 754 nisi
359 713 535 755 numeri.
581 713 708 755 Ita‘se
728 722 771 755 et
788 713 869 755 ista
886 728 953 755 res
971 712 1113 764 habet,

124 785 289 828 Locum
307 786 484 844 implent
501 786 585 838 alii,
604 786 756 828 vivunt
774 786 894 844 queis
912 785 1000 828 vita
1016 786 1194 844 obtigit.·
1271 839 1278 842 χ
1355 788 1360 792 ’

523 864 526 865 ’
613 860 690 901 ‘12.
710 860 963 917 Euripides.

179 934 278 990 Ego
297 933 331 975 si
350 934 446 991 quis
463 934 638 976 antehac
657 943 809 991 captus
824 934 1041 977 oculorum
1055 934 1229 977 orbibus

123 1007 259 1050 Pedes
277 1023 353 1065 per
371 1009 519 1051 urbem
538 1018 702 1067 regeret
719 1009 854 1052 aliena
873 1024 1015 1060 manu,

122 1081 222 1123 Non
241 1081 479 1124 desinebam
498 1097 674 1140 arguere
694 1082 903 1125 socordem
925 1091 1085 1124 metum

124 1152 251 1204 Quod
266 1153 491 1198 abstineret
507 1163 641 1196 morte
659 1163 817 1196 tantam
833 1154 1051 1196 miseriam.
1095 1194 1097 1196 ,
1146 1175 1149 1177 ·

124 1228 168 1270 Ν
171 1242 253 1270 unc
272 1243 359 1285 quo
378 1228 548 1270 volutus
567 1227 611 1270 in
629 1242 743 1270 meas
762 1227 986 1270 sententias

121 1303 195 1345 En
214 1301 302 1360 ipse
320 1317 458 1360 pecco.
509 1300 669 1344 Misera
685 1288 788 1358 gens
806 1300 1047 1342 mortalium

121 1377 258 1428 Quam
277 1375 432 1433 cupida
448 1375 566 1417 vitae!
596 1364 804 1432 posteram
824 1375 988 1434 semPer
1004 1374 1124 1416 lubet

29 1479 34 1483 ·
121 1450 282 1496 Lucem
304 1449 427 1501 tueri,
446 1448 559 1491 mille
577 1464 674 1506 quae
692 1457 830 1490 vectat
849 1447 969 1490 mala.
985 1450 990 1452 ’
1067 1490 1069 1492 ,

122 1524 285 1566 Tantos
303 1539 464 1566 amores
474 1523 568 1566 'vita
585 1523 825 1565 hominibus
843 1522 1026 1565 suscitat.
1046 1524 1049 1526 ’

121 1597 234 1639 Nam
251 1596 340 1639 vita
358 1582 463 1654 quid
477 1596 531 1638 sit
548 1596 722 1639 scimus:
753 1604 799 1638 at
817 1595 962 1638 mortis
979 1595 1108 1637 rudae

121 1671 224 1714 Ideo
242 1671 437 1714 timemus
455 1671 644 1729 linquere
662 1671 743 1713 hoc
765 1670 872 1713 Solis
885 1671 1027 1728 jubar.
1094 1674 1096 1677 ’

487 1750 561 1803 13.
574 1746 852 1804 Apollodorum
872 1744 1089 1801 Adelphis.

178 1819 302 1863 fVita
319 1819 451 1862 otiosa
467 1819 594 1877 plena
609 1817 883 1861 beatitudinis

122 1892 168 1935 Si
186 1907 284 1935 cum
303 1892 450 1935 otiosis
460 1891 552 1934 aliis
570 1891 700 1933 vitam
720 1890 937 1948 transigas.

122 1963 234 2004 Cum
254 1960 381 2002 simiis
398 1959 580 2017 ferisque
599 1966 806 2017 agentem,
828 1958 989 2000 simiam

121 2035 234 2078 Fieri
253 2051 417 2078 neeesse
436 2043 521 2077 est:
552 2050 580 2076 o
597 2034 728 2076 vitam
743 2032 1079 2076 'aerumnabileml

573 2119 640 2159 14.
660 2107 779 2148 Idem
799 2106 844 2147 F
841 2106 1007 2147 fidicine.

177 2183 277 2224 Non
295 2188 445 2223 cuneta
466 2179 614 2237 Phryx
634 2194 742 2230 sum,
762 2177 897 2220 crede.
951 2177 995 2219 Si
1015 2177 1102 2219 vita
1120 2176 1223 2218 mihi

122 2256 238 2300 Mori
256 2272 343 2298 esse
362 2254 526 2299 videam
545 2253 708 2301 melius.
728 2253 809 2294 hoc
827 2251 966 2308 ipsum
987 2250 1150 2308 eligam.

490 2341 513 2369 J
519 2338 560 2384 5.
583 2326 821 2384 Euripides
840 2325 1084 2367 Erechtheo.

293 2402 407 2444 Mihi
425 2401 486 2443 illi
505 2410 639 2443 morte
657 2399 732 2457 qui
752 2398 930 2456 pulchra
942 2398 1099 2454 jacent,

123 2477 260 2527 Quam
280 2475 368 2518 vita
385 2488 564 2532 quorum
587 2473 722 2530 turpis
741 2482 817 2524 est,
838 2472 988 2514 vivunt
1006 2471 1154 2528 mag-ie.

539 2551 602 2592 16.
622 2546 860 2603 AEschylus
875 2546 1049 2587 Ioeiime:

182 2623 279 2666 Vita
297 2633 440 2667 notata
458 2623 550 2665 labe
570 2636 686 2664 mors
700 2619 911 2662 illustrior.

590 2777 708 2809 ‘Refer
723 2778 764 2808 ad
778 2777 846 2808 Tit.
865 2777 989 2808 [Nm.
1048 2799 1051 2802 >

757 2851 780 2876 u
802 2848 831 2888 4

1379 245 1462 291 295
