1780 3178
341 272 423 327 278
716 264 971 309 10ANN1s
1004 260 1250 305 STOBAE1

346 385 517 429 Cedunt
536 381 677 425 amicis
696 380 816 424 facile
836 380 911 437 qui
932 395 975 421 se
996 377 1052 420 sic
1069 376 1239 419 habent.

854 467 894 510 9.
917 452 1172 496 Menwnder.

402 535 441 578 O
461 533 673 591 Dercippe
693 539 736 573 et
754 528 996 586 Mnesippe‚
1017 540 1114 569 cum
1135 522 1326 567 convitiis

345 607 542 666 Excepti,
563 614 638 649 aut
657 619 754 648 cum
773 602 914 646 vexati
935 615 1080 644 sumus
1098 597 1278 657 injuriis,

346 681 598 725 Praesidium
618 678 738 722 nobis
757 687 859 721 tunc
877 675 1000 719 amici
1020 684 1119 717 sunt
1135 672 1249 716 boni.

346 758 460 800 Nam
479 755 583 798 dum
602 754 743 798 dolere
763 752 850 795 sine
868 759 987 794 metu
1006 747 1179 792 ludibrii

347 829 485 882 Licet,
505 837 633 886 atque
652 826 770 870 adest
789 824 864 884 qui
883 824 991 867 ferat
1009 822 1054 865 id
1074 820 1333 865 familiariter

350 902 572 959 Societque
590 900 768 951 luctum,
790 905 908 941 tanto
928 896 1109 954 quisque
1128 903 1317 953 tempore

349 977 539 1020 Levatus
558 972 815 1031 conquiescit
834 987 860 1014 a
879 985 1002 1014 sensu
1022 968 1133 1012 mali.

863 1057 929 1087 10.
951 1044 1188 1086 Philemon.

409 1124 475 1165 At
494 1120 600 1179 quid
619 1119 679 1162 rei
694 1128 756 1161 est
775 1117 893 1176 quod
912 1116 983 1160 ille
1001 1131 1069 1161 me
1088 1116 1225 1159 visum
1245 1112 1390 1171 cupit?

354 1198 444 1248 An,
465 1204 516 1238 ut
535 1193 725 1236 dolentes
741 1191 787 1234 in
805 1176 1127 1242 xialetudinario,

353 1266 571 1327 Apparuit
590 1281 687 1309 cum
706 1264 908 1316 medicus,
928 1262 1068 1306 subito
1087 1261 1300 1312 dedolent,

353 1343 420 1385 Ita
439 1340 633 1385 tristitate
653 1348 695 1382 et
714 1337 1000 1384 moestitudine
1018 1336 1182 1380 obsitus

356 1415 585 1459 Cruciatur
605 1413 744 1456 minus
763 1412 944 1457 amicum
964 1419 1213 1468 praesentem
1232 1410 1426 1453 intuens?

857 1500 876 1529 1
886 1500 923 1529 1.
946 1485 1205 1531 Menander.

411 1563 558 1609 Amici
580 1578 715 1606 sermo
734 1569 857 1620 grata
875 1577 942 1605 res
961 1559 1247 1605 moerentibus.

767 1649 786 1678 1
796 1649 832 1680 2.
855 1635 1078 1694 Sophocles
1093 1634 1298 1691 Thyeste.

418 1712 528 1755 Haec
547 1719 609 1754 est
628 1710 826 1768 voluptas
845 1708 1029 1752 maxima
1047 1723 1100 1751 ex
1122 1705 1383 1753 sermonibus

360 1785 628 1830 Oblivionem
646 1784 823 1828 induere
841 1782 1059 1841 praesentis
1077 1781 1187 1824 mali.

873 1870 938 1913 13.
959 1855 1214 1898 Menander.

420 1931 695 1975 Infortunatis
714 1931 946 1978 maximum
967 1929 1162 1972 solatium
1182 1937 1245 1971 est

362 2007 502 2048 Juxta.
519 2005 662 2048 videre
682 2004 757 2062 qui
777 2003 1135 2046 commiserescant
1154 2001 1231 2044 sui.

929 2090 993 2131 14.
1016 2077 1151 2119 Idem.

424 2152 676 2209 Cuicunque
695 2151 892 2194 affectum
912 2158 975 2193 est
994 2165 1161 2208 corpuS‚
1183 2149 1221 2192 ei
1240 2148 1404 2191 medico
1421 2156 1486 2190 est
1504 2162 1635 2205 opus:

366 2228 432 2269 At
451 2226 519 2269 cui
538 2226 699 2268 laborat
719 2225 897 2277 animus,
918 2223 954 2266 is
974 2223 1108 2267 amico
1126 2223 1302 2281 indiget.

367 2300 605 2343 Benevolus
623 2298 782 2343 amicus
800 2298 988 2341 medicus
1007 2297 1262 2356 aegrimoniae
1282 2306 1356 2340 est.

900 2386 968 2428 15.
986 2373 1190 2414 Incertus.

427 2445 604 2488 Salubre
624 2431 780 2486 blanda
798 2443 984 2501 alloquia
1001 2443 1194 2487 moerenti
1214 2442 1327 2486 viro:

370 2521 434 2562 At
455 2518 487 2561 si
507 2518 629 2562 nimis
649 2517 841 2575 desipiat,
863 2517 1118 2575 objurgatio.

726 2600 790 2645 17.
812 2578 1079 2647 Philvspffldes
1102 2588 1364 2646 olyntum-0.

428 2677 445 2697 ε
460 2669 566 2710 Sane
587 2666 703 2709 haud
724 2665 889 2709 difficile
909 2674 972 2708 est
993 2664 1213 2722 aegrotanti
1229 2663 1367 2706 dicere

851 2833 863 2847 ‘
879 2826 977 2859 Refer
992 2826 1033 2858 ad
1050 2825 1117 2858 Tit.
1130 2825 1233 2857 CXV.
