1780 3178
411 290 881 336 FLORILEGIUM.
913 290 1015 333 Tu.
1042 300 1134 346 105.
1210 307 1212 309 >

120 407 288 450 Diffluit
309 407 448 449 instar.

538 480 599 522 18.
624 480 737 522 Idem
758 480 1046 538 Supplicibus.

161 553 243 595 'Ne
261 568 430 610 quaeso:
463 553 654 610 praebent
674 568 775 596 saxa
792 552 1036 610 perfugium
1054 551 1153 594 feris

117 628 307 684 Araeque
326 627 515 677 famulis3
549 627 726 670 urbibus
745 626 897 684 pressis
915 625 1027 669 malo

115 702 328 744 Tutamen
348 702 484 744 urbes.
534 701 668 744 Nulla
685 717 751 744 res
771 701 1011 744 mortalium

117 775 346 818 Felicitatis
363 775 522 833 gaudet
541 783 708 817 oeternae
726 774 851 816 bono.

631 860 694 904 19.
716 847 836 890 Idem
857 847 946 890 Ino.

172 920 353 978 Regina,
374 919 529 962 multos
548 919 794 978 opprimunt
813 919 1002 962 homines
1022 918 1154 962 mala:

115 994 191 1037 Ab
209 993 276 1037 his
294 994 510 1047 recedunt,
531 1009 677 1036 rursus
695 993 776 1036 illis
795 993 1024 1035 imminent.

115 1069 237 1111 Eunt
255 1068 300 1110 in
318 1068 477 1121 orbem,
499 1076 611 1113 terra
628 1083 735 1126 quas
753 1068 898 1125 fruges
916 1066 1027 1124 parit

116 1140 438 1199 Hominumque
457 1141 630 1183 soboles.
681 1141 851 1198 Quippe
867 1155 965 1198 pars
985 1153 1159 1196 surgens
1177 1137 1298 1189 viret,

118 1216 223 1258 Pars
234 1216 326 1273 jam
346 1214 541 1257 metenda
560 1223 775 1273 exspectat
793 1213 909 1257 exitii
928 1213 1051 1256 diem.
1090 1252 1092 1254 ,

575 1300 643 1331 20.
665 1288 783 1329 Idem
803 1287 993 1330 Hecuba.

75 1407 79 1410 ,
154 1362 302 1404 ¹Posse
320 1361 516 1404 indecora
532 1369 813 1420 praepotentes
831 1375 917 1403 non
936 1361 1070 1412 decet,

116 1437 208 1478 Nec
226 1445 290 1478 est
306 1436 501 1479 habenda
518 1435 728 1494 prosperis
746 1435 872 1478 rebus
890 1434 1008 1483 fides.

116 1511 215 1568 Ego
234 1519 321 1553 tam
340 1510 465 1553 beata
483 1525 620 1568 nuper
639 1525 691 1552 en
710 1518 821 1552 resto
839 1508 966 1551 nihil:

117 1585 232 1643 Opes
251 1584 453 1643 superbas
472 1599 558 1626 una
576 1583 756 1627 vastavit
774 1583 878 1626 dies.

549 1670 618 1701 21.
640 1657 863 1715 Sffhocles
889 1658 1020 1714 Tyro.

174 1732 242 1774 Ne
261 1731 329 1774 dic
347 1731 518 1774 beatum
537 1747 665 1789 quem
685 1731 792 1773 mori
811 1746 895 1773 non
915 1730 1079 1773 videris.

644 1817 710 1847 22.
731 1804 936 1847 Moschio.

175 1878 416 1921 Generosus
435 1886 547 1929 ortu,
568 1877 718 1920 nobilis
737 1877 963 1935 prudentia

116 1955 285 2010 Argum
304 1952 544 2010 imperator,
566 1952 691 2010 regiis
707 1952 931 2010 penatibus

116 2026 385 2078 Eliminatus,
407 2026 635 2084 supplicem
656 2042 822 2069 ramum
840 2027 978 2068 ferens

117 2100 279 2159 Defigit
297 2100 440 2144 oculos
459 2100 503 2142 in
522 2100 610 2143 solo
629 2100 895 2152 miserabiles,

118 2175 413 2232 Monstratque
431 2173 591 2216 cunctis
609 2173 681 2216 illa
699 2189 796 2231 quae
814 2173 927 2215 claro
945 2172 1100 2215 micant

118 2248 304 2306 Fulgore
323 2263 450 2306 quam
470 2263 555 2290 non
573 2247 744 2306 propria
764 2247 846 2289 sint
865 2247 1024 2289 homini
1043 2247 1164 2289 bona.

118 2323 183 2364 Ut
203 2321 382 2379 quisque
401 2320 507 2362 vidit
527 2320 696 2371 civium,
715 2335 769 2362 ex
787 2318 927 2362 animo
947 2319 1074 2370 dolet,

118 2397 314 2453 Dataque
333 2395 496 2459 dextra,
518 2393 811 2451 benevolisque
829 2393 1030 2453 affatibus

120 2469 308 2518 Solatur;
340 2468 483 2511 oculos
503 2469 652 2511 uberes
671 2467 896 2526 lachrymae
915 2467 1055 2524 rigant

121 2544 255 2585 Sensu
274 2542 443 2585 doloris.
494 2541 678 2584 Pristina
695 2541 848 2583 etenim
864 2540 1049 2598 dignitas

120 2615 306 2667 Afflicta,
327 2615 440 2673 cogit
458 2615 586 2658 corda
604 2614 973 2657 commiserescere.

497 2701 563 2745 23.
581 2688 823 2729 Menander
847 2688 1080 2729 cmcinnis.

180 2765 219 2806 Ο
241 2764 462 2813 Parmeno,
483 2761 646 2804 nullum
666 2761 753 2803 vita
771 2760 815 2802 in
834 2760 1018 2802 humana
1032 2759 1190 2801 bonum
1210 2767 1272 2800 est

123 2830 252 2887 Quasi
271 2836 395 2879 arbor
414 2835 551 2877 radice
571 2850 656 2877 una
675 2849 810 2892 ramos
826 2833 1013 2889 erigens:

178 2923 276 2951 vor„
302 2924 365 2952 iv.
851 2922 870 2947 s

1370 298 1450 345 257
