1780 3178
353 256 437 302 282
757 253 959 297 IOANN
963 253 1021 296 IS
1053 252 1299 296 STOBAEI

350 369 534 414 Consilia
554 377 667 412 recta
685 384 887 427 mensque
906 367 1093 411 callidior
1113 368 1243 425 sequi.

909 443 976 487 28.
998 443 1129 485 Idem.

407 523 574 580 Corpus
595 520 720 564 senile
741 519 913 578 sopiunt
932 526 1074 575 motus
1093 517 1218 560 leves.

760 714 1066 764 TITULUS
1103 713 1288 765 CXVI.

653 846 1004 886 VITUPERIUM
1033 837 1381 884 SENECTUTIS.

842 968 860 996 1
870 984 881 996 .
899 954 964 996 M
959 954 1206 996 immamus.

406 1030 540 1072 Hunc
559 1026 633 1085 qui
651 1026 828 1085 pulcher
848 1034 937 1074 erat
955 1025 1186 1083 quondam,
1206 1040 1304 1067 cum
1324 1024 1467 1067 canuit
1484 1033 1599 1077 zetas,

349 1104 380 1146 J
383 1119 450 1146 am
471 1118 547 1152 sua
565 1117 642 1144 nec
663 1099 838 1152 soboles,
853 1100 944 1157 jam
965 1114 1042 1149 nec
1061 1098 1221 1150 amicus
1239 1102 1363 1150 amat.

773 1187 811 1217 2.
816 1173 1075 1232 Euripides
1097 1174 1267 1224 Glmo.

408 1250 511 1291 Heu
531 1262 660 1306 quam
682 1255 873 1290 senectus
892 1246 1028 1289 multa
1045 1246 1129 1289 fert
1149 1262 1290 1290 secum
1308 1247 1432 1302 mala,

352 1324 443 1366 Nec
461 1332 524 1365 est
543 1330 594 1365 ut
613 1322 696 1365 aevi
713 1321 848 1380 spatia
866 1320 1074 1380 producat
1089 1336 1226 1364 senex.

857 1441 859 1445 Α
914 1394 979 1437 lb.
999 1395 1131 1445 Idem.

391 1471 393 1473 ’
410 1472 510 1513 Non
528 1470 656 1528 longa
674 1469 819 1512 multis
837 1469 926 1512 vita
944 1469 1132 1527 projecta
1151 1478 1214 1513 est
1233 1470 1368 1513 malis.

764 1558 804 1601 3.
827 1545 947 1587 Idem
965 1545 1274 1594 Andromacha.

407 1621 445 1662 O
466 1635 592 1677 quam
616 1628 805 1662 senectus
825 1618 961 1663 multa
978 1619 1062 1661 fert
1078 1618 1354 1674 incommpda.

862 1705 903 1746 4.
925 1693 1046 1743 Idem
1063 1693 1196 1745 AEolo.

410 1770 449 1811 O
471 1783 599 1826 quam
618 1777 784 1810 vetusta
802 1768 893 1811 haec
915 1767 1096 1811 veridica
1116 1768 1322 1812 sententia
1339 1778 1424 1812 est:

354 1844 511 1885 Omnes
531 1842 648 1885 senili
668 1851 791 1884 aetate
809 1842 929 1900 plebs
949 1851 1116 1886 tantum
1137 1858 1283 1886 sumus

353 1909 616 1974 Umbraeque
636 1931 778 1968 rerum
798 1915 1088 1974 somniumque
1107 1916 1327 1974 imagines:

354 1991 466 2033 Cum
486 2005 561 2032 nos
580 2000 779 2048 putemus
800 2005 944 2047 sapere
964 2005 1082 2042 mens
1102 1990 1221 2039 nobis
1241 1990 1369 2033 abest.
1419 2031 1423 2034 .

813 2082 854 2124 5.
872 2069 992 2111 Idem
1013 2069 1232 2114 OEnomao.
1557 2094 1575 2116 ο
1633 2049 1635 2051 ¹

412 2141 694 2185 Inominatam
713 2141 788 2198 qui
808 2150 1064 2187 senectutem
1083 2142 1248 2198 assequi

355 2216 551 2259 Mortalis
571 2224 704 2273 optat,
725 2230 810 2256 non
831 2214 910 2258 sibi
928 2215 1034 2258 bene
1054 2216 1259 2259 consulit:

354 2291 466 2332 Nam
486 2289 613 2347 longa
631 2288 720 2331 vita
737 2288 850 2331 mille
873 2289 1090 2332 moestitias
1109 2290 1233 2347 parit.

900 2406 902 2409 ,
929 2363 968 2405 6.
990 2364 1121 2407 Idem.

412 2439 595 2490 Quanta,
617 2445 820 2489 senectus,
843 2452 915 2494 spe
935 2436 1035 2483 boni
1055 2437 1244 2479 homines
1262 2437 1417 2480 allicis?

354 2510 429 2552 Ad
450 2509 651 2570 tevenire
671 2526 794 2552 nemo
812 2526 896 2555 non
917 2510 1040 2553 avide
1060 2512 1192 2569 cupit,

356 2585 439 2627 Sed
460 2593 557 2627 vota
577 2585 748 2644 damnat
768 2601 857 2637 sua,
878 2585 1082 2649 periclum
1102 2586 1176 2643 qui
1194 2586 1309 2638 facit,

357 2661 495 2711 Quam
515 2659 573 2702 nil
593 2659 777 2702 deterius
795 2668 929 2702 exstat
952 2669 1075 2702 aetate
1093 2660 1225 2717 gravi.

791 2745 829 2787 7.
852 2734 971 2775 Idem
986 2734 1266 2791 Melanippa..

416 2805 509 2849 Vox
530 2816 592 2850 est
612 2823 736 2850 senex
756 2818 799 2850 et
819 2809 984 2861 umbra,
1005 2817 1208 2866 praeterea
1225 2808 1341 2851 nihil.
