1780 3178
441 319 911 366 FLORILEGIUM.
941 322 1043 366 Trr.
1070 334 1162 380 109.
1382 333 1461 379 271

672 436 739 479 Ib.
759 437 936 480 Ibidem.

537 509 643 553 Aliis
659 510 830 554 accedat
848 519 892 554 et
909 508 1036 554 istud.

552 670 884 720 eTITULUS
919 671 1057 721 CIX.

232 792 430 831 BONAM
458 792 768 832 FORTUNAM
796 793 1215 832 PROFERENDAM
1243 795 1380 839 ESSE,

292 862 491 901 MALAM
519 862 668 899 VERO
697 862 1024 901 CELANDAM:
1054 865 1127 902 ET
1153 864 1328 903 REBUS

347 933 741 972 PRAESENTIBUS
770 933 952 972 RECTE
979 934 1269 973 UTENDUM.

667 1031 702 1060 ι.
725 1007 960 1061 Pindams'.

137 1092 223 1145 Qui
243 1102 285 1136 te
304 1092 467 1135 labores
485 1108 635 1150 quaeve
652 1108 754 1135 cura
772 1104 962 1136 exerceat
1004 1078 1010 1081 χ

256 1167 482 1210 Exti-aneis
500 1167 661 1224 pandas
675 1181 787 1209 cave.

141 1242 334 1299 Benigna
352 1242 386 1284 si
406 1241 511 1299 quid
531 1240 655 1283 dulce
675 1256 764 1283 sors
782 1241 912 1283 donat
932 1241 1008 1283 tibi

257 1316 312 1358 Id
332 1315 501 1374 publice
519 1315 714 1358 ostendas
733 1314 844 1366 licet,

142 1391 261 1432 Dum
281 1390 398 1432 triste
418 1389 452 1432 si
471 1389 578 1446 quid
596 1404 755 1431 numen
773 1388 945 1432 immisit
964 1390 1103 1432 Deam

259 1466 396 1507 Cures
414 1463 598 1506 tenebris
615 1463 806 1506 condere.

496 1550 534 1581 2.
556 1537 779 1595 Sophocles
805 1538 926 1595 Tyro
943 1537 1137 1579 secunda.

204 1611 371 1653 Malum
391 1609 509 1668 quod
529 1619 653 1668 urget
672 1625 868 1668 spargere
886 1610 931 1652 in
953 1610 1106 1668 vulgus
1123 1583 1245 1652 cavei

146 1687 339 1729 Debetur
357 1685 511 1728 etenim
528 1684 713 1728 luctibus
732 1683 955 1726 silentium.

673 1772 714 1815 5.
735 1759 953 1816 Diphilus.

204 1833 244 1875 O
264 1847 393 1890 quam
413 1831 635 1874 molestum
654 1840 718 1874 est
736 1830 812 1874 ubi
831 1846 959 1888 quem
978 1829 1274 1872 sollicitudines

148 1907 364 1959 Mordent,
386 1916 479 1949 tum
498 1905 690 1964 quemvis
709 1913 858 1948 testem
877 1905 971 1962 cogi
988 1903 1222 1946 admittere.

501 1993 542 2036 3.
565 1980 809 2022 Menander
828 1980 1126 2036 Szfflposititio.
1139 1981 1151 1997 '

150 2057 208 2098 At
227 2054 390 2096 medius
409 2053 536 2095 fidius
554 2067 698 2095 narras
717 2051 939 2094 stultitiam
959 2050 1076 2093 haud
1094 2051 1243 2101 levem,

149 2131 346 2171 Testatas
366 2127 489 2169 malle
508 2140 636 2184 quam
657 2126 833 2168 latentes
851 2124 1048 2166 miserias.

722 2213 763 2252 4.
787 2198 917 2240 Idem.

556 2274 605 2314 ln
623 2273 704 2314 hoc
724 2272 851 2315 situm
871 2280 935 2314 est
998 2285 1001 2288 ’
1021 2256 1026 2275 ”’

151 2351 308 2391 Casum
328 2348 558 2406 prudenter
576 2347 700 2397 ferre,
721 2346 755 2388 si
775 2346 888 2388 solus
906 2346 1030 2396 feras,

154 2423 244 2464 Nec
264 2431 340 2465 tua
356 2421 546 2464 denudes
564 2420 655 2462 aliis
674 2419 918 2462 infortunia.

580 2496 620 2537 6.
642 2495 878 2552 Euripides
898 2494 1067 2552 OEdipo.

213 2570 398 2626 Vulgare
417 2585 544 2618 casua
556 2584 738 2627 asperos,
759 2568 987 2611 vecordiae:

153 2647 217 2687 At
235 2645 351 2702 quod
371 2644 590 2687 ferendum
611 2653 674 2686 oet
687 2642 944 2697 ‚ferre-clam,
957 2640 1170 2700 sapientiae
1189 2650 1262 2682 est.

198 2758 371 2798 e80qu1tur
380 2758 450 2790 heic
463 2757 496 2788 in
509 2756 705 2788 editionibus
717 2755 837 2787 smbaei
847 2755 978 2787 Titulus
996 2754 1066 2796 mg>
1079 2740 1354 2797 M12304072125,id
1365 2756 1427 2790 est,
1442 2751 1495 2783 De

155 2811 431 2843 Pusillanimitate
443 2823 448 2840 :
466 2811 521 2841 sed
533 2811 603 2841 sine
613 2809 760 2842 versibus
770 2822 780 2848 ;
796 2814 830 2841 et
838 2809 873 2839 in
885 2808 1116 2848 manuscriptis
1125 2817 1191 2839 non
1201 2811 1309 2839 exstat
1318 2805 1495 2838 is'ritulus.
