1780 3178
343 234 423 291 136
739 233 938 277 IOANN
941 233 998 276 IS
1031 231 1268 277 STOBAEI

869 352 908 394 7.
929 340 1136 382 Incertus.

397 414 534 465 Quam
553 412 693 465 dulce,
714 420 862 464 mater,
881 412 1158 455 abstinentem
1177 413 1354 456 navibus

341 486 520 532 Fluctus
539 485 720 529 marinos
737 485 891 527 intueri
909 500 936 527 a
954 484 1108 527 littore!

863 558 901 600 8.
923 558 1150 600 Homerus.

569 634 769 676 Paullum
788 647 885 675 nam
906 641 1005 675 sunt
1023 648 1050 675 a
1067 641 1202 675 morte
1219 632 1380 675 remoti.

685 721 724 764 9.
745 707 987 750 Menander
1011 707 1330 764 Thrasyleonte.

400 780 592 823 Secunda
610 796 708 838 quae
726 788 900 823 vocatur
919 780 1146 838 navigatio,

341 855 422 900 Est
440 855 574 897 fracta
591 869 697 897 nave
716 855 862 897 tabula
880 863 1048 912 arrepta
1065 854 1252 897 evadere.

820 941 887 970 10.
911 928 1202 970 Callimachus.

403 1001 549 1058 Surgit
567 1000 625 1043 ibi
645 1001 779 1044 ventis
799 1001 916 1043 unda
929 1000 1216 1058 pmcellisseris.

903 1087 951 1135 ,¹1
961 1105 972 1116 .
994 1075 1125 1117 Idem.

402 1147 525 1190 Felix
540 1157 586 1190 et
603 1148 748 1205 paucis
765 1147 1104 1190 annumerandus
1121 1147 1214 1198 erit,

346 1221 429 1263 Cui
448 1230 547 1263 sunt
565 1220 682 1262 nulla
699 1220 824 1262 maris
837 1219 1111 1263 commercia:
1145 1219 1218 1261 sed
1237 1233 1330 1261 mea
1347 1218 1450 1271 vita,

401 1294 500 1336 Non
519 1308 637 1335 secus
655 1308 704 1335 ac
723 1293 870 1350 mergi,
891 1292 1033 1334 clausa
1050 1301 1217 1334 tenetur
1234 1291 1365 1349 aquis.

693 1379 758 1410 12.
775 1366 998 1423 Sophocles
1022 1366 1330 1423 Tympamistis.
1372 1384 1374 1388 ’
1452 1410 1460 1422 ,

402 1438 593 1481 Possitne
611 1437 747 1495 majus
765 1437 970 1494 gaudium
990 1452 1016 1478 a
1034 1436 1194 1494 superis
1212 1435 1320 1488 dari,

344 1510 483 1565 Quam
503 1520 614 1554 terra
633 1510 667 1553 si
687 1519 729 1553 te
748 1510 941 1568 excipiat,
962 1518 1004 1552 et
1023 1517 1134 1552 tecto
1152 1509 1286 1552 latens

346 1587 472 1630 Curis
490 1585 652 1628 solutus
670 1584 816 1626 audias
834 1583 992 1640 pluviae
1010 1585 1186 1626 sonum?
1203 1638 1206 1639 ⁷

778 1670 845 1713 13.
864 1657 984 1699 Idem
1002 1657 1246 1701 Erechtheo.

403 1731 640 1783 Quaerenda
658 1730 776 1773 navis
795 1745 948 1787 magna
965 1745 1054 1787 prae
1073 1730 1189 1773 tenui
1209 1729 1373 1787 scapha,
1455 1740 1467 1744 “

846 1818 910 1858 14.
931 1806 1182 1848 Menamder.

404 1879 536 1922 Lucri
554 1879 710 1937 cupido
728 1887 770 1921 et
789 1878 1013 1936 navigandi
1032 1879 1207 1922 audacia

347 1952 550 1996 Perfacile
566 1952 752 1995 reddunt
770 1952 920 1994 divites
939 1960 1015 1994 aut
1029 1961 1229 1995 mortuos.

839 2036 903 2081 15.
924 2025 1200 2083 Antvspkzmes.

402 2099 535 2142 Terra
553 2114 641 2141 esse
659 2113 821 2156 pauper
839 2097 996 2149 malim,
1017 2112 1144 2154 quam
1164 2097 1281 2139 dives
1299 2096 1416 2140 mari.

724 2171 787 2213 16.
808 2170 1061 2228 Euphorion
1075 2170 1313 2212 Philoctete.

403 2247 482 2288 Ast
499 2244 621 2287 illum
639 2244 737 2286 vitae
754 2243 958 2301 cupidum
977 2258 1092 2285 mare
1109 2243 1308 2286 fluctibus
1326 2242 1481 2294 hausit,

347 2318 486 2359 Lenta
504 2331 629 2374 super
647 2315 823 2373 pelagus
843 2314 1055 2357 tollentem
1075 2314 1245 2357 brachia
1262 2314 1433 2366 frustra,

347 2391 449 2432 Heu
468 2389 664 2432 miserum
685 2388 1032 2445 Dolopionidem:
1065 2389 1341 2446 manibusque
1360 2388 1549 2431 micantis

346 2463 502 2506 Obruit
520 2462 636 2505 unda
653 2461 847 2512 animam,
865 2461 1079 2519 salsusque
1097 2477 1144 2504 os
1161 2471 1337 2520 occupat
1355 2461 1501 2505 imber.

834 2546 898 2589 17.
920 2535 1195 2592 Antiphanes.

405 2608 574 2651 Divitiis
592 2607 799 2650 insolescit
818 2616 1022 2651 mercator
1041 2608 1140 2660 suis,
1183 2643 1185 2645 .
1246 2637 1249 2646 ·

347 2680 396 2723 In
416 2696 520 2738 quas
539 2681 709 2724 dominii
729 2690 877 2725 ventus
896 2681 987 2739 ipso
1005 2682 1102 2739 plus
1120 2682 1257 2725 habet.
