<?xml version="1.0" encoding="UTF-8"?>
<!DOCTYPE html PUBLIC "-//W3C//DTD XHTML 1.0 Transitional//EN"
    "http://www.w3.org/TR/xhtml1/DTD/xhtml1-transitional.dtd">
<html xmlns="http://www.w3.org/1999/xhtml" xml:lang="en" lang="en">
 <head>
  <title>
</title>
<meta http-equiv="Content-Type" content="text/html;charset=utf-8" />
  <meta name='ocr-system' content='tesseract 3.04.00' />
  <meta name='ocr-capabilities' content='ocr_page ocr_carea ocr_par ocr_line ocrx_word'/>
</head>
<body>
  <div class='ocr_page' id='page_1' title='image "./iannoustovaiouan04stovuoft_0238.png"; bbox 0 0 1780 3178; ppageno 0'>
   <div class='ocr_carea' id='block_1_1' title="bbox 368 261 1352 318">
    <p class='ocr_par' dir='ltr' id='par_1_1' title="bbox 368 261 1352 318">
     <span class='ocr_line' id='line_1_1' title="bbox 368 261 1352 318; baseline 0 -14"><span class='ocrx_word' id='word_1_1' title='bbox 368 273 451 318; x_wconf 85' lang='lat'>230</span> <span class='ocrx_word' id='word_1_2' title='bbox 794 262 1056 304; x_wconf 85' lang='lat' dir='ltr'>10ANN1s</span> <span class='ocrx_word' id='word_1_3' title='bbox 1090 261 1326 304; x_wconf 86' lang='lat' dir='ltr'>STOBAEI</span> <span class='ocrx_word' id='word_1_4' title='bbox 1349 277 1352 279; x_wconf 58' lang='lat'>&gt;</span> 
     </span>
    </p>
   </div>
   <div class='ocr_carea' id='block_1_2' title="bbox 366 374 1499 653">
    <p class='ocr_par' dir='ltr' id='par_1_2' title="bbox 366 374 1499 653">
     <span class='ocr_line' id='line_1_2' title="bbox 366 374 1272 433; baseline 0.002 -17"><span class='ocrx_word' id='word_1_5' title='bbox 366 374 546 432; x_wconf 88' lang='lat' dir='ltr'>Indigna</span> <span class='ocrx_word' id='word_1_6' title='bbox 564 384 606 417; x_wconf 90' lang='lat' dir='ltr'>et</span> <span class='ocrx_word' id='word_1_7' title='bbox 625 387 777 433; x_wconf 88' lang='lat' dir='ltr'>praeter</span> <span class='ocrx_word' id='word_1_8' title='bbox 796 375 979 420; x_wconf 81' lang='lat' dir='ltr'>indolem</span> <span class='ocrx_word' id='word_1_9' title='bbox 999 376 1272 419; x_wconf 83' lang='lat' dir='ltr'>committere.</span> 
     </span>
     <span class='ocr_line' id='line_1_3' title="bbox 544 450 1214 506; baseline -0.003 -14"><span class='ocrx_word' id='word_1_10' title='bbox 544 454 547 459; x_wconf 72' lang='grc'><strong><em>’</em></strong></span> <span class='ocrx_word' id='word_1_11' title='bbox 863 463 928 505; x_wconf 83' lang='lat'>23.</span> <span class='ocrx_word' id='word_1_12' title='bbox 946 450 1214 506; x_wconf 66' lang='lat' dir='ltr'>Ari-stophen.</span> 
     </span>
     <span class='ocr_line' id='line_1_4' title="bbox 425 522 1499 580; baseline 0.001 -17"><span class='ocrx_word' id='word_1_13' title='bbox 425 522 525 563; x_wconf 87' lang='lat' dir='ltr'>Nox</span> <span class='ocrx_word' id='word_1_14' title='bbox 546 523 653 565; x_wconf 87' lang='lat' dir='ltr'>ferre</span> <span class='ocrx_word' id='word_1_15' title='bbox 674 523 880 565; x_wconf 63' lang='lat' dir='ltr'>majorum</span> <span class='ocrx_word' id='word_1_16' title='bbox 900 538 1075 580; x_wconf 86' lang='lat' dir='ltr'><strong>pausam</strong></span> <span class='ocrx_word' id='word_1_17' title='bbox 1095 523 1353 580; x_wconf 83' lang='lat' dir='ltr'>pauperibus</span> <span class='ocrx_word' id='word_1_18' title='bbox 1373 523 1499 565; x_wconf 89' lang='lat' dir='ltr'>solet:</span> 
     </span>
     <span class='ocr_line' id='line_1_5' title="bbox 367 595 1398 653; baseline 0.001 -16"><span class='ocrx_word' id='word_1_19' title='bbox 367 596 479 637; x_wconf 88' lang='lat' dir='ltr'>Nam</span> <span class='ocrx_word' id='word_1_20' title='bbox 500 605 619 653; x_wconf 89' lang='lat' dir='ltr'>parte</span> <span class='ocrx_word' id='word_1_21' title='bbox 638 597 692 639; x_wconf 89' lang='lat' dir='ltr'>ab</span> <span class='ocrx_word' id='word_1_22' title='bbox 712 596 825 638; x_wconf 88' lang='lat' dir='ltr'>omni</span> <span class='ocrx_word' id='word_1_23' title='bbox 846 596 1071 638; x_wconf 85' lang='lat' dir='ltr'>obumbrat</span> <span class='ocrx_word' id='word_1_24' title='bbox 1090 595 1258 638; x_wconf 88' lang='lat' dir='ltr'>illorum</span> <span class='ocrx_word' id='word_1_25' title='bbox 1279 596 1398 639; x_wconf 83' lang='lat' dir='ltr'>mala.</span> 
     </span>
    </p>
   </div>
   <div class='ocr_carea' id='block_1_3' title="bbox 766 762 1316 812">
    <p class='ocr_par' dir='ltr' id='par_1_3' title="bbox 766 762 1316 812">
     <span class='ocr_line' id='line_1_6' title="bbox 766 762 1316 812; baseline -0.002 0"><span class='ocrx_word' id='word_1_26' title='bbox 766 762 1069 812; x_wconf 87' lang='lat' dir='ltr'>TITULUS</span> <span class='ocrx_word' id='word_1_27' title='bbox 1104 763 1316 811; x_wconf 91' lang='lat' dir='ltr'>XCVII.</span> 
     </span>
    </p>
   </div>
   <div class='ocr_carea' id='block_1_4' title="bbox 401 879 1667 921">
    <p class='ocr_par' dir='ltr' id='par_1_4' title="bbox 401 879 1667 921">
     <span class='ocr_line' id='line_1_7' title="bbox 401 879 1667 921; baseline -0.002 -2"><span class='ocrx_word' id='word_1_28' title='bbox 401 888 421 907; x_wconf 81' lang='lat'><strong>⁰</strong></span> <span class='ocrx_word' id='word_1_29' title='bbox 439 882 793 920; x_wconf 84' lang='lat' dir='ltr'><strong>COMPARATIO</strong></span> <span class='ocrx_word' id='word_1_30' title='bbox 823 882 1190 920; x_wconf 85' lang='lat' dir='ltr'><strong>PAUPERTATIS</strong></span> <span class='ocrx_word' id='word_1_31' title='bbox 1219 883 1288 920; x_wconf 91' lang='lat' dir='ltr'>ET</span> <span class='ocrx_word' id='word_1_32' title='bbox 1316 879 1667 921; x_wconf 87' lang='lat' dir='ltr'>DIVITIARUM.</span> 
     </span>
    </p>
   </div>
   <div class='ocr_carea' id='block_1_5' title="bbox 362 969 1527 2715">
    <p class='ocr_par' dir='ltr' id='par_1_5' title="bbox 872 969 1205 1026">
     <span class='ocr_line' id='line_1_8' title="bbox 872 969 1205 1026; baseline 0 -16"><span class='ocrx_word' id='word_1_33' title='bbox 872 983 906 1010; x_wconf 88' lang='lat'>1.</span> <span class='ocrx_word' id='word_1_34' title='bbox 929 969 1205 1026; x_wconf 62' lang='lat' dir='ltr'>Antiphanes.</span> 
     </span>
    </p>

    <p class='ocr_par' dir='ltr' id='par_1_6' title="bbox 365 1041 1518 1172">
     <span class='ocr_line' id='line_1_9' title="bbox 425 1041 1460 1099; baseline 0 -16"><span class='ocrx_word' id='word_1_35' title='bbox 425 1041 491 1083; x_wconf 86' lang='lat' dir='ltr'>Sis</span> <span class='ocrx_word' id='word_1_36' title='bbox 509 1056 671 1099; x_wconf 86' lang='lat' dir='ltr'>pauper</span> <span class='ocrx_word' id='word_1_37' title='bbox 689 1041 862 1083; x_wconf 86' lang='lat' dir='ltr'>honeste</span> <span class='ocrx_word' id='word_1_38' title='bbox 882 1041 1024 1099; x_wconf 89' lang='lat' dir='ltr'>potius</span> <span class='ocrx_word' id='word_1_39' title='bbox 1043 1056 1172 1098; x_wconf 88' lang='lat' dir='ltr'>quam</span> <span class='ocrx_word' id='word_1_40' title='bbox 1192 1041 1309 1084; x_wconf 87' lang='lat' dir='ltr'>dives</span> <span class='ocrx_word' id='word_1_41' title='bbox 1327 1041 1434 1083; x_wconf 84' lang='lat' dir='ltr'>male</span> <span class='ocrx_word' id='word_1_42' title='bbox 1451 1058 1460 1083; x_wconf 91' lang='lat'><strong>:</strong></span> 
     </span>
     <span class='ocr_line' id='line_1_10' title="bbox 365 1114 1518 1172; baseline 0.003 -16"><span class='ocrx_word' id='word_1_43' title='bbox 365 1116 562 1172; x_wconf 86' lang='lat' dir='ltr'>Namque</span> <span class='ocrx_word' id='word_1_44' title='bbox 581 1115 661 1157; x_wconf 85' lang='lat' dir='ltr'>hoc</span> <span class='ocrx_word' id='word_1_45' title='bbox 681 1114 763 1156; x_wconf 88' lang='lat' dir='ltr'>fert</span> <span class='ocrx_word' id='word_1_46' title='bbox 782 1114 952 1167; x_wconf 84' lang='lat' dir='ltr'>crimen,</span> <span class='ocrx_word' id='word_1_47' title='bbox 975 1115 1082 1157; x_wconf 88' lang='lat' dir='ltr'>illud</span> <span class='ocrx_word' id='word_1_48' title='bbox 1101 1116 1438 1158; x_wconf 85' lang='lat' dir='ltr'>misericordiam.</span> <span class='ocrx_word' id='word_1_49' title='bbox 1516 1144 1518 1146; x_wconf 33' lang='grc' dir='ltr'><strong>ν</strong></span> 
     </span>
    </p>

    <p class='ocr_par' dir='ltr' id='par_1_7' title="bbox 847 1188 1193 1246">
     <span class='ocr_line' id='line_1_11' title="bbox 847 1188 1193 1246; baseline -0.006 -15"><span class='ocrx_word' id='word_1_50' title='bbox 847 1240 852 1246; x_wconf 29' lang='lat'><em>⁶</em></span> <span class='ocrx_word' id='word_1_51' title='bbox 877 1200 918 1231; x_wconf 80' lang='lat'>2.</span> <span class='ocrx_word' id='word_1_52' title='bbox 940 1188 1193 1230; x_wconf 79' lang='lat' dir='ltr'>Menander.</span> 
     </span>
    </p>

    <p class='ocr_par' dir='ltr' id='par_1_8' title="bbox 365 1262 1403 1467">
     <span class='ocr_line' id='line_1_12' title="bbox 424 1262 1403 1321; baseline 0.002 -17"><span class='ocrx_word' id='word_1_53' title='bbox 424 1262 597 1304; x_wconf 88' lang='lat' dir='ltr'>Habere</span> <span class='ocrx_word' id='word_1_54' title='bbox 616 1269 678 1304; x_wconf 88' lang='lat' dir='ltr'>est</span> <span class='ocrx_word' id='word_1_55' title='bbox 699 1262 841 1314; x_wconf 86' lang='lat' dir='ltr'>satius,</span> <span class='ocrx_word' id='word_1_56' title='bbox 864 1262 898 1304; x_wconf 86' lang='lat' dir='ltr'>si</span> <span class='ocrx_word' id='word_1_57' title='bbox 917 1262 1012 1319; x_wconf 90' lang='lat' dir='ltr'>quis</span> <span class='ocrx_word' id='word_1_58' title='bbox 1031 1277 1119 1304; x_wconf 90' lang='lat' dir='ltr'>rem</span> <span class='ocrx_word' id='word_1_59' title='bbox 1140 1271 1252 1306; x_wconf 88' lang='lat' dir='ltr'>recte</span> <span class='ocrx_word' id='word_1_60' title='bbox 1266 1272 1403 1321; x_wconf 86' lang='lat' dir='ltr'>putet,</span> 
     </span>
     <span class='ocr_line' id='line_1_13' title="bbox 365 1335 1331 1393; baseline 0.003 -16"><span class='ocrx_word' id='word_1_61' title='bbox 365 1336 509 1378; x_wconf 85' lang='lat' dir='ltr'>Pauca</span> <span class='ocrx_word' id='word_1_62' title='bbox 527 1336 666 1378; x_wconf 85' lang='lat' dir='ltr'>animo</span> <span class='ocrx_word' id='word_1_63' title='bbox 686 1335 797 1388; x_wconf 77' lang='lat' dir='ltr'>laeto,</span> <span class='ocrx_word' id='word_1_64' title='bbox 820 1350 947 1393; x_wconf 90' lang='lat' dir='ltr'>quam</span> <span class='ocrx_word' id='word_1_65' title='bbox 965 1335 1102 1378; x_wconf 75' lang='lat' dir='ltr'>multa</span> <span class='ocrx_word' id='word_1_66' title='bbox 1118 1336 1331 1380; x_wconf 84' lang='lat' dir='ltr'>illaetabili.</span> 
     </span>
     <span class='ocr_line' id='line_1_14' title="bbox 365 1410 1287 1467; baseline 0.001 -16"><span class='ocrx_word' id='word_1_67' title='bbox 365 1411 598 1467; x_wconf 84' lang='lat' dir='ltr'>Paupertas</span> <span class='ocrx_word' id='word_1_68' title='bbox 618 1425 763 1452; x_wconf 85' lang='lat' dir='ltr'>secura</span> <span class='ocrx_word' id='word_1_69' title='bbox 780 1410 932 1467; x_wconf 86' lang='lat' dir='ltr'>opibus</span> <span class='ocrx_word' id='word_1_70' title='bbox 951 1418 1124 1467; x_wconf 83' lang='lat' dir='ltr'>praestat</span> <span class='ocrx_word' id='word_1_71' title='bbox 1142 1410 1287 1453; x_wconf 86' lang='lat' dir='ltr'>anxiis.</span> 
     </span>
    </p>

    <p class='ocr_par' dir='ltr' id='par_1_9' title="bbox 746 1484 1325 1540">
     <span class='ocr_line' id='line_1_15' title="bbox 746 1484 1325 1540; baseline 0.003 -16"><span class='ocrx_word' id='word_1_72' title='bbox 746 1497 787 1540; x_wconf 81' lang='lat'>3.</span> <span class='ocrx_word' id='word_1_73' title='bbox 810 1484 1047 1540; x_wconf 70' lang='lat' dir='ltr'>Euripides</span> <span class='ocrx_word' id='word_1_74' title='bbox 1067 1484 1325 1526; x_wconf 75' lang='lat' dir='ltr'>Aleoecmdro.</span> 
     </span>
    </p>

    <p class='ocr_par' dir='ltr' id='par_1_10' title="bbox 364 1555 1484 1673">
     <span class='ocr_line' id='line_1_16' title="bbox 422 1555 1484 1615; baseline 0.003 -18"><span class='ocrx_word' id='word_1_75' title='bbox 422 1555 607 1598; x_wconf 89' lang='lat' dir='ltr'>Consilia</span> <span class='ocrx_word' id='word_1_76' title='bbox 626 1571 844 1614; x_wconf 86' lang='lat' dir='ltr'>nunquam</span> <span class='ocrx_word' id='word_1_77' title='bbox 865 1555 1050 1598; x_wconf 88' lang='lat' dir='ltr'>animosa</span> <span class='ocrx_word' id='word_1_78' title='bbox 1069 1556 1341 1615; x_wconf 86' lang='lat' dir='ltr'>suppeditant</span> <span class='ocrx_word' id='word_1_79' title='bbox 1361 1573 1484 1615; x_wconf 92' lang='lat' dir='ltr'>opes:</span> 
     </span>
     <span class='ocr_line' id='line_1_17' title="bbox 364 1628 1209 1673; baseline 0.004 -4"><span class='ocrx_word' id='word_1_80' title='bbox 364 1628 454 1670; x_wconf 87' lang='lat' dir='ltr'>Nec</span> <span class='ocrx_word' id='word_1_81' title='bbox 473 1637 619 1671; x_wconf 85' lang='lat' dir='ltr'>auctor</span> <span class='ocrx_word' id='word_1_82' title='bbox 637 1645 728 1672; x_wconf 42' lang='lat' dir='ltr'>esse.</span> <span class='ocrx_word' id='word_1_83' title='bbox 742 1629 871 1672; x_wconf 87' lang='lat' dir='ltr'>luxus</span> <span class='ocrx_word' id='word_1_84' title='bbox 890 1630 1074 1672; x_wconf 85' lang='lat' dir='ltr'>audendi</span> <span class='ocrx_word' id='word_1_85' title='bbox 1094 1630 1209 1673; x_wconf 89' lang='lat' dir='ltr'>solet.</span> 
     </span>
    </p>

    <p class='ocr_par' dir='ltr' id='par_1_11' title="bbox 362 1701 1406 2051">
     <span class='ocr_line' id='line_1_18' title="bbox 362 1701 1406 1759; baseline 0.002 -16"><span class='ocrx_word' id='word_1_86' title='bbox 362 1701 428 1743; x_wconf 89' lang='lat' dir='ltr'>At</span> <span class='ocrx_word' id='word_1_87' title='bbox 447 1710 592 1743; x_wconf 87' lang='lat' dir='ltr'>contra</span> <span class='ocrx_word' id='word_1_88' title='bbox 610 1711 785 1759; x_wconf 87' lang='lat' dir='ltr'>egestas,</span> <span class='ocrx_word' id='word_1_89' title='bbox 806 1701 946 1750; x_wconf 86' lang='lat' dir='ltr'>triste;</span> <span class='ocrx_word' id='word_1_90' title='bbox 981 1702 1053 1744; x_wconf 89' lang='lat' dir='ltr'>sed</span> <span class='ocrx_word' id='word_1_91' title='bbox 1073 1702 1234 1759; x_wconf 90' lang='lat' dir='ltr'>prolem</span> <span class='ocrx_word' id='word_1_92' title='bbox 1254 1702 1406 1745; x_wconf 85' lang='lat' dir='ltr'>educat</span> 
     </span>
     <span class='ocr_line' id='line_1_19' title="bbox 364 1775 1137 1834; baseline 0.001 -18"><span class='ocrx_word' id='word_1_93' title='bbox 364 1775 583 1818; x_wconf 88' lang='lat' dir='ltr'>Patientiae</span> <span class='ocrx_word' id='word_1_94' title='bbox 603 1776 771 1834; x_wconf 87' lang='lat' dir='ltr'>majoris</span> <span class='ocrx_word' id='word_1_95' title='bbox 790 1785 918 1832; x_wconf 91' lang='lat' dir='ltr'>atque</span> <span class='ocrx_word' id='word_1_96' title='bbox 939 1775 1137 1818; x_wconf 83' lang='lat' dir='ltr'>audaciae.</span> 
     </span>
     <span class='ocr_line' id='line_1_20' title="bbox 836 1849 1227 1902; baseline 0.003 -12"><span class='ocrx_word' id='word_1_97' title='bbox 836 1862 881 1902; x_wconf 91' lang='lat'>4.</span> <span class='ocrx_word' id='word_1_98' title='bbox 903 1849 1022 1890; x_wconf 88' lang='lat' dir='ltr'>Idem</span> <span class='ocrx_word' id='word_1_99' title='bbox 1041 1850 1227 1891; x_wconf 80' lang='lat' dir='ltr'>Electra.</span> 
     </span>
     <span class='ocr_line' id='line_1_21' title="bbox 420 1922 1374 1981; baseline 0.003 -18"><span class='ocrx_word' id='word_1_100' title='bbox 420 1923 558 1964; x_wconf 90' lang='lat' dir='ltr'>Nemo</span> <span class='ocrx_word' id='word_1_101' title='bbox 577 1932 639 1964; x_wconf 92' lang='lat' dir='ltr'>est</span> <span class='ocrx_word' id='word_1_102' title='bbox 659 1922 812 1964; x_wconf 86' lang='lat' dir='ltr'>amicos</span> <span class='ocrx_word' id='word_1_103' title='bbox 832 1938 1037 1980; x_wconf 89' lang='lat' dir='ltr'>pauperes</span> <span class='ocrx_word' id='word_1_104' title='bbox 1059 1923 1136 1965; x_wconf 88' lang='lat' dir='ltr'>sibi</span> <span class='ocrx_word' id='word_1_105' title='bbox 1155 1923 1231 1981; x_wconf 88' lang='lat' dir='ltr'>qui</span> <span class='ocrx_word' id='word_1_106' title='bbox 1251 1923 1374 1980; x_wconf 86' lang='lat' dir='ltr'>legat.</span> 
     </span>
     <span class='ocr_line' id='line_1_22' title="bbox 895 1997 1172 2051; baseline 0.011 -15"><span class='ocrx_word' id='word_1_107' title='bbox 895 2006 938 2051; x_wconf 87' lang='lat'>5.</span> <span class='ocrx_word' id='word_1_108' title='bbox 960 1997 1172 2039; x_wconf 66' lang='lat' dir='ltr'>Incertus.</span> 
     </span>
    </p>

    <p class='ocr_par' dir='ltr' id='par_1_12' title="bbox 423 2068 1444 2129">
     <span class='ocr_line' id='line_1_23' title="bbox 423 2068 1444 2129; baseline 0.002 -19"><span class='ocrx_word' id='word_1_109' title='bbox 423 2068 537 2110; x_wconf 88' lang='lat' dir='ltr'>Clari</span> <span class='ocrx_word' id='word_1_110' title='bbox 557 2069 727 2125; x_wconf 87' lang='lat' dir='ltr'>quidem</span> <span class='ocrx_word' id='word_1_111' title='bbox 751 2078 850 2112; x_wconf 89' lang='lat' dir='ltr'>sunt</span> <span class='ocrx_word' id='word_1_112' title='bbox 868 2085 1035 2126; x_wconf 85' lang='lat' dir='ltr'>genere,</span> <span class='ocrx_word' id='word_1_113' title='bbox 1058 2070 1131 2112; x_wconf 90' lang='lat' dir='ltr'>sed</span> <span class='ocrx_word' id='word_1_114' title='bbox 1151 2086 1196 2113; x_wconf 88' lang='lat' dir='ltr'>re</span> <span class='ocrx_word' id='word_1_115' title='bbox 1216 2086 1444 2129; x_wconf 85' lang='lat' dir='ltr'>pauperes:</span> 
     </span>
    </p>

    <p class='ocr_par' dir='ltr' id='par_1_13' title="bbox 362 2142 1232 2259">
     <span class='ocr_line' id='line_1_24' title="bbox 362 2142 1232 2200; baseline 0.005 -18"><span class='ocrx_word' id='word_1_116' title='bbox 362 2142 460 2192; x_wconf 82' lang='lat' dir='ltr'>Quo</span> <span class='ocrx_word' id='word_1_117' title='bbox 480 2157 630 2199; x_wconf 89' lang='lat' dir='ltr'>nempe</span> <span class='ocrx_word' id='word_1_118' title='bbox 650 2142 751 2184; x_wconf 82' lang='lat' dir='ltr'>vitio</span> <span class='ocrx_word' id='word_1_119' title='bbox 769 2142 878 2184; x_wconf 86' lang='lat' dir='ltr'>celsa</span> <span class='ocrx_word' id='word_1_120' title='bbox 897 2143 1091 2186; x_wconf 85' lang='lat' dir='ltr'>nobilitas</span> <span class='ocrx_word' id='word_1_121' title='bbox 1112 2144 1232 2200; x_wconf 89' lang='lat' dir='ltr'>perit.</span> 
     </span>
     <span class='ocr_line' id='line_1_25' title="bbox 900 2217 1162 2259; baseline 0.008 -2"><span class='ocrx_word' id='word_1_122' title='bbox 900 2217 939 2257; x_wconf 88' lang='lat'>6.</span> <span class='ocrx_word' id='word_1_123' title='bbox 967 2217 1162 2259; x_wconf 79' lang='lat' dir='ltr'>Gramtor.</span> 
     </span>
    </p>

    <p class='ocr_par' dir='ltr' id='par_1_14' title="bbox 422 2288 1368 2348">
     <span class='ocr_line' id='line_1_26' title="bbox 422 2288 1368 2348; baseline 0.004 -18"><span class='ocrx_word' id='word_1_124' title='bbox 422 2288 547 2339; x_wconf 83' lang='lat' dir='ltr'>Quod</span> <span class='ocrx_word' id='word_1_125' title='bbox 568 2288 662 2330; x_wconf 92' lang='lat' dir='ltr'>usui</span> <span class='ocrx_word' id='word_1_126' title='bbox 683 2297 759 2340; x_wconf 89' lang='lat' dir='ltr'>est,</span> <span class='ocrx_word' id='word_1_127' title='bbox 779 2289 825 2331; x_wconf 87' lang='lat' dir='ltr'>id</span> <span class='ocrx_word' id='word_1_128' title='bbox 844 2305 987 2332; x_wconf 89' lang='lat' dir='ltr'>omnes</span> <span class='ocrx_word' id='word_1_129' title='bbox 1005 2291 1236 2348; x_wconf 86' lang='lat' dir='ltr'>prudentes</span> <span class='ocrx_word' id='word_1_130' title='bbox 1255 2292 1368 2343; x_wconf 73' lang='lat' dir='ltr'>facit,</span> 
     </span>
    </p>

    <p class='ocr_par' dir='ltr' id='par_1_15' title="bbox 362 2362 1320 2569">
     <span class='ocr_line' id='line_1_27' title="bbox 362 2362 1297 2422; baseline 0.003 -18"><span class='ocrx_word' id='word_1_131' title='bbox 362 2363 504 2419; x_wconf 81' lang='lat' dir='ltr'>Atque</span> <span class='ocrx_word' id='word_1_132' title='bbox 523 2362 567 2404; x_wconf 91' lang='lat' dir='ltr'>in</span> <span class='ocrx_word' id='word_1_133' title='bbox 587 2378 637 2404; x_wconf 95' lang='lat' dir='ltr'>eo</span> <span class='ocrx_word' id='word_1_134' title='bbox 655 2362 741 2404; x_wconf 86' lang='lat' dir='ltr'>solo</span> <span class='ocrx_word' id='word_1_135' title='bbox 759 2363 896 2420; x_wconf 86' lang='lat' dir='ltr'>posita</span> <span class='ocrx_word' id='word_1_136' title='bbox 915 2373 977 2406; x_wconf 89' lang='lat' dir='ltr'>est</span> <span class='ocrx_word' id='word_1_137' title='bbox 990 2364 1054 2406; x_wconf 88' lang='lat' dir='ltr'>vis</span> <span class='ocrx_word' id='word_1_138' title='bbox 1073 2365 1297 2422; x_wconf 73' lang='lat' dir='ltr'>sapientiae.</span> 
     </span>
     <span class='ocr_line' id='line_1_28' title="bbox 889 2438 1182 2495; baseline 0.003 -17"><span class='ocrx_word' id='word_1_139' title='bbox 889 2449 927 2490; x_wconf 93' lang='lat'>7.</span> <span class='ocrx_word' id='word_1_140' title='bbox 951 2438 1182 2495; x_wconf 54' lang='lat' dir='ltr'>Theognis.</span> 
     </span>
     <span class='ocr_line' id='line_1_29' title="bbox 363 2510 1320 2569; baseline 0.004 -18"><span class='ocrx_word' id='word_1_141' title='bbox 363 2510 462 2552; x_wconf 91' lang='lat' dir='ltr'>Non</span> <span class='ocrx_word' id='word_1_142' title='bbox 483 2519 545 2552; x_wconf 89' lang='lat' dir='ltr'>est</span> <span class='ocrx_word' id='word_1_143' title='bbox 565 2510 634 2552; x_wconf 91' lang='lat' dir='ltr'>ille</span> <span class='ocrx_word' id='word_1_144' title='bbox 653 2511 786 2568; x_wconf 88' lang='lat' dir='ltr'>magis</span> <span class='ocrx_word' id='word_1_145' title='bbox 804 2511 934 2563; x_wconf 85' lang='lat' dir='ltr'>dives,</span> <span class='ocrx_word' id='word_1_146' title='bbox 956 2512 1024 2554; x_wconf 90' lang='lat' dir='ltr'>cui</span> <span class='ocrx_word' id='word_1_147' title='bbox 1045 2512 1166 2569; x_wconf 83' lang='lat' dir='ltr'>copia</span> <span class='ocrx_word' id='word_1_148' title='bbox 1185 2513 1320 2555; x_wconf 77' lang='lat' dir='ltr'>multa</span> 
     </span>
    </p>

    <p class='ocr_par' dir='ltr' id='par_1_16' title="bbox 363 2584 1527 2715">
     <span class='ocr_line' id='line_1_30' title="bbox 419 2584 1462 2644; baseline 0.004 -19"><span class='ocrx_word' id='word_1_149' title='bbox 419 2584 601 2641; x_wconf 88' lang='lat' dir='ltr'>Argenti</span> <span class='ocrx_word' id='word_1_150' title='bbox 620 2595 747 2642; x_wconf 88' lang='lat' dir='ltr'>atque</span> <span class='ocrx_word' id='word_1_151' title='bbox 767 2585 858 2626; x_wconf 85' lang='lat' dir='ltr'>auri</span> <span class='ocrx_word' id='word_1_152' title='bbox 877 2594 953 2637; x_wconf 86' lang='lat' dir='ltr'>est,</span> <span class='ocrx_word' id='word_1_153' title='bbox 974 2585 1183 2642; x_wconf 85' lang='lat' dir='ltr'>plenaque</span> <span class='ocrx_word' id='word_1_154' title='bbox 1201 2586 1312 2628; x_wconf 85' lang='lat' dir='ltr'>farre</span> <span class='ocrx_word' id='word_1_155' title='bbox 1332 2602 1462 2644; x_wconf 89' lang='lat' dir='ltr'>seges,</span> 
     </span>
     <span class='ocr_line' id='line_1_31' title="bbox 363 2656 1527 2715; baseline 0.003 -16"><span class='ocrx_word' id='word_1_156' title='bbox 363 2656 477 2699; x_wconf 88' lang='lat' dir='ltr'>Muli</span> <span class='ocrx_word' id='word_1_157' title='bbox 498 2666 539 2700; x_wconf 91' lang='lat' dir='ltr'>et</span> <span class='ocrx_word' id='word_1_158' title='bbox 558 2657 819 2715; x_wconf 53' lang='lat' dir='ltr'>cornipedem</span> <span class='ocrx_word' id='word_1_159' title='bbox 852 2659 1033 2715; x_wconf 85' lang='lat' dir='ltr'>quamsi</span> <span class='ocrx_word' id='word_1_160' title='bbox 1054 2659 1149 2715; x_wconf 88' lang='lat' dir='ltr'>quis</span> <span class='ocrx_word' id='word_1_161' title='bbox 1169 2659 1229 2702; x_wconf 75' lang='lat' dir='ltr'>nil</span> <span class='ocrx_word' id='word_1_162' title='bbox 1249 2659 1390 2712; x_wconf 89' lang='lat' dir='ltr'>habet,</span> <span class='ocrx_word' id='word_1_163' title='bbox 1408 2670 1527 2703; x_wconf 85' lang='lat' dir='ltr'>extra</span> 
     </span>
    </p>
   </div>
   <div class='ocr_carea' id='block_1_6' title="bbox 733 2822 1328 2856">
    <p class='ocr_par' dir='ltr' id='par_1_17' title="bbox 733 2822 1328 2856">
     <span class='ocr_line' id='line_1_32' title="bbox 733 2822 1328 2856; baseline 0.003 -3"><span class='ocrx_word' id='word_1_164' title='bbox 733 2828 749 2842; x_wconf 83' lang='lat'><strong>·</strong></span> <span class='ocrx_word' id='word_1_165' title='bbox 763 2822 863 2853; x_wconf 76' lang='lat' dir='ltr'>Valde</span> <span class='ocrx_word' id='word_1_166' title='bbox 879 2822 1019 2854; x_wconf 71' lang='lat' dir='ltr'>cohaeret</span> <span class='ocrx_word' id='word_1_167' title='bbox 1032 2833 1105 2854; x_wconf 86' lang='lat' dir='ltr'>cum</span> <span class='ocrx_word' id='word_1_168' title='bbox 1122 2823 1152 2854; x_wconf 89' lang='lat' dir='ltr'>T</span> <span class='ocrx_word' id='word_1_169' title='bbox 1155 2823 1192 2855; x_wconf 79' lang='lat' dir='ltr'>it.</span> <span class='ocrx_word' id='word_1_170' title='bbox 1208 2823 1328 2856; x_wconf 81' lang='lat' dir='ltr'>XCIV.</span> 
     </span>
    </p>
   </div>
  </div>
 </body>
</html>
