1780 3178
455 273 923 318 FLommemM.
953 276 1055 319 Tm.
1082 288 1174 333 107.
1385 277 1467 333 263

130 381 302 427 Florere
320 385 447 428 rebus
464 387 673 445 prosperis
691 387 785 430 visu
804 403 947 446 grave.

130 455 312 514 Stirpem
331 457 537 502 bonorum
556 474 703 503 rursus
719 460 889 519 ingenio
907 462 1058 520 prob0,

129 529 259 572 Malis
277 531 484 584 subactos,
504 532 695 576 cladibus
712 549 870 578 mersos
887 536 1032 594 premi.

129 602 363 661 Disponere
380 605 500 648 aliter
518 622 621 650 cura
637 603 839 651 debuerat
855 610 997 652 Deam

128 676 378 721 Mortalium
397 694 488 722 res:
520 695 618 723 nam
637 681 730 739 pios
747 681 890 726 decuit
908 683 1048 741 palam

126 751 248 794 Bona
265 751 458 811 largitate
476 755 674 813 consequi
686 755 917 799 caelestium
934 772 945 798 :

88 839 91 841 ·
130 825 290 868 Contra
309 826 500 870 scelestos
518 829 637 886 paria
652 829 896 871 criminibus
915 829 1002 871 suis

131 898 346 957 Supplicia
363 910 506 958 aperte
524 901 643 944 luere·
660 903 743 944 Dis
762 902 995 944 ultoribus:

129 971 195 1014 Ita
213 987 279 1015 res
298 974 499 1017 secundas
517 990 640 1018 nemo
653 975 832 1032 jactaret
846 975 994 1018 malus.

550 1119 854 1169 TITULUS
887 1119 1047 1168 CVII.

273 1238 348 1276 DE
376 1238 519 1276 ILLIS
547 1239 647 1279 QUI
675 1239 915 1278 INDIGNE
942 1240 1134 1278 MISERI
1164 1240 1321 1279 SUNT.

648 1346 683 1375 1.
705 1333 958 1376 Menander.

188 1406 263 1449 Nil
281 1423 402 1465 aeque
419 1422 545 1450 cerno
562 1406 720 1451 invitus
733 1423 783 1450 ac
800 1417 955 1451 rectam
975 1407 1157 1451 indolem

132 1481 386 1540 Implicitam
405 1481 504 1525 vitae
522 1481 652 1525 tristis
669 1482 922 1540 aegrimonia.

709 1568 748 1599 2.
768 1557 899 1599 Idem.

189 1628 264 1672 Nil
281 1628 556 1672 miserabilius
573 1645 703 1687 quam
721 1645 820 1672 cum
838 1629 1004 1674 animus
1015 1630 1125 1688 juris
1144 1639 1269 1674 tenax

134 1703 309 1746 Senecta
327 1711 450 1746 aetaoe
467 1702 592 1747 sentit
610 1703 687 1746 fati
706 1703 892 1761 injurias.

702 1789 743 1833 3.
765 1777 897 1819 Idem.

190 1850 230 1892 Ο
250 1849 358 1892 Fors
376 1864 474 1907 quae
491 1864 633 1892 rerum
652 1848 813 1907 gaudes
830 1848 1052 1906 multiplici
1071 1848 1174 1900 vice,

131 1923 229 1966 Tibi
248 1924 326 1967 iste
344 1938 539 1981 magnam
559 1939 680 1966 casus
698 1922 899 1965 invidiam
918 1922 1033 1973 facit,

132 1997 295 2056 Injusta
312 1997 429 2055 quod
441 1997 607 2054 justum
626 1995 838 2038 hominem
855 2004 1021 2038 exercet
1039 1995 1260 2038 calamitas.

689 2080 732 2121 4.
754 2068 913 2111 Alea-is.

192 2145 427 2187 Fortunam
446 2151 585 2186 mente
603 2157 691 2185 esse
708 2142 855 2184 orbam
868 2141 959 2199 jam
979 2150 1140 2185 constat
1159 2141 1287 2184 mihi:

135 2217 275 2261 Aliter
292 2217 357 2260 vir
375 2232 593 2276 nunquam
613 2217 706 2260 talis
723 2216 870 2259 infelix
889 2216 1009 2259 foret.

131 2301 148 2318 ⁸
633 2301 676 2346 5.
697 2290 974 2347 Antvsphwnes.

193 2367 271 2407 Me
284 2364 497 2416 miserum,
511 2379 639 2421 quam
653 2363 759 2405 illud
773 2363 966 2420 iniquum
981 2371 1109 2419 atque
1123 2361 1381 2404 intolerabile
1395 2370 1472 2413 est,

137 2440 328 2481 Fortuna
344 2452 439 2480 cum
461 2436 664 2489 desciscit,
685 2445 728 2479 et
746 2451 883 2478 mores
902 2439 1088 2478 manent!

517 2511 556 2552 6.
579 2511 818 2568 Euripides
838 2511 1098 2553 Heraclidis.

194 2587 363 2637 Quanto
381 2584 434 2627 sit
453 2585 585 2627 altum
605 2594 781 2626 stemma
798 2584 969 2626 fortuna
987 2584 1141 2635 minus,

136 2660 167 2701 J
169 2674 237 2701 am
257 2658 380 2700 video
397 2658 580 2700 demum.
631 2659 744 2700 Nam
762 2657 876 2700 bono
895 2657 1029 2700 exorti
1048 2667 1169 2715 patre

139 2732 217 2775 Isti
236 2732 426 2774 laborant
447 2731 635 2789 undi’que
654 2730 838 2788 indignis
856 2730 1003 2773 modis.

774 2816 846 2855 ⁸4
