<?xml version="1.0" encoding="UTF-8"?>
<!DOCTYPE html PUBLIC "-//W3C//DTD XHTML 1.0 Transitional//EN"
    "http://www.w3.org/TR/xhtml1/DTD/xhtml1-transitional.dtd">
<html xmlns="http://www.w3.org/1999/xhtml" xml:lang="en" lang="en">
 <head>
  <title>
</title>
<meta http-equiv="Content-Type" content="text/html;charset=utf-8" />
  <meta name='ocr-system' content='tesseract 3.04.00' />
  <meta name='ocr-capabilities' content='ocr_page ocr_carea ocr_par ocr_line ocrx_word'/>
</head>
<body>
  <div class='ocr_page' id='page_1' title='image "./iannoustovaiouan04stovuoft_0035.png"; bbox 0 0 1838 3276; ppageno 0'>
   <div class='ocr_carea' id='block_1_1' title="bbox 465 287 1130 332">
    <p class='ocr_par' dir='ltr' id='par_1_1' title="bbox 465 287 1130 332">
     <span class='ocr_line' id='line_1_1' title="bbox 465 287 1130 332; baseline -0.005 0"><span class='ocrx_word' id='word_1_1' title='bbox 465 288 935 332; x_wconf 85' lang='lat' dir='ltr'>FLORILEGIUM.</span> <span class='ocrx_word' id='word_1_2' title='bbox 967 287 1069 330; x_wconf 79' lang='lat' dir='ltr'><strong>Trr.</strong></span> <span class='ocrx_word' id='word_1_3' title='bbox 1090 288 1130 330; x_wconf 88' lang='lat'><strong>6.</strong></span> 
     </span>
    </p>
   </div>
   <div class='ocr_carea' id='block_1_2' title="bbox 10 396 1327 467">
    <p class='ocr_par' dir='ltr' id='par_1_2' title="bbox 10 396 1327 467">
     <span class='ocr_line' id='line_1_2' title="bbox 10 396 1327 467; baseline 0 -25"><span class='ocrx_word' id='word_1_4' title='bbox 10 396 47 467; x_wconf 25' lang='grc' dir='ltr'><strong>Ι(</strong></span> <span class='ocrx_word' id='word_1_5' title='bbox 128 404 318 447; x_wconf 83' lang='lat' dir='ltr'>Rursum</span> <span class='ocrx_word' id='word_1_6' title='bbox 337 402 489 447; x_wconf 73' lang='lat' dir='ltr'><strong>hilares</strong></span> <span class='ocrx_word' id='word_1_7' title='bbox 506 403 614 456; x_wconf 79' lang='lat' dir='ltr'><strong>aliae,</strong></span> <span class='ocrx_word' id='word_1_8' title='bbox 635 418 734 462; x_wconf 81' lang='lat' dir='ltr'><strong>quoe</strong></span> <span class='ocrx_word' id='word_1_9' title='bbox 752 402 926 446; x_wconf 79' lang='lat' dir='ltr'><strong>comiter</strong></span> <span class='ocrx_word' id='word_1_10' title='bbox 944 401 1139 445; x_wconf 91' lang='lat' dir='ltr'><strong>omnibus</strong></span> <span class='ocrx_word' id='word_1_11' title='bbox 1158 399 1327 452; x_wconf 79' lang='lat' dir='ltr'><strong>adsunt,</strong></span> 
     </span>
    </p>
   </div>
   <div class='ocr_carea' id='block_1_3' title="bbox 186 472 1188 537">
    <p class='ocr_par' dir='ltr' id='par_1_3' title="bbox 186 472 1188 537">
     <span class='ocr_line' id='line_1_3' title="bbox 186 472 1188 537; baseline -0.004 -15"><span class='ocrx_word' id='word_1_12' title='bbox 186 480 297 522; x_wconf 90' lang='lat' dir='ltr'><strong>Sunt</strong></span> <span class='ocrx_word' id='word_1_13' title='bbox 314 486 453 531; x_wconf 84' lang='lat' dir='ltr'><strong>castoe,</strong></span> <span class='ocrx_word' id='word_1_14' title='bbox 474 477 508 522; x_wconf 84' lang='lat' dir='ltr'><strong>si</strong></span> <span class='ocrx_word' id='word_1_15' title='bbox 527 493 615 537; x_wconf 82' lang='lat' dir='ltr'><strong>qua</strong></span> <span class='ocrx_word' id='word_1_16' title='bbox 632 487 697 521; x_wconf 88' lang='lat' dir='ltr'><strong>est</strong></span> <span class='ocrx_word' id='word_1_17' title='bbox 714 472 888 530; x_wconf 77' lang='lat' dir='ltr'><strong>foeinina</strong></span> <span class='ocrx_word' id='word_1_18' title='bbox 904 484 1019 520; x_wconf 76' lang='lat' dir='ltr'><strong>casta</strong></span> <span class='ocrx_word' id='word_1_19' title='bbox 1036 484 1188 519; x_wconf 78' lang='lat' dir='ltr'><strong>tamen.</strong></span> 
     </span>
    </p>
   </div>
   <div class='ocr_carea' id='block_1_4' title="bbox 581 580 1007 631">
    <p class='ocr_par' dir='ltr' id='par_1_4' title="bbox 581 580 1007 631">
     <span class='ocr_line' id='line_1_4' title="bbox 581 580 1007 631; baseline -0.005 0"><span class='ocrx_word' id='word_1_20' title='bbox 581 580 885 631; x_wconf 90' lang='lat' dir='ltr'>TITULUS</span> <span class='ocrx_word' id='word_1_21' title='bbox 918 581 1007 630; x_wconf 89' lang='lat' dir='ltr'><strong>VI.</strong></span> 
     </span>
    </p>
   </div>
   <div class='ocr_carea' id='block_1_5' title="bbox 507 681 1076 722">
    <p class='ocr_par' dir='ltr' id='par_1_5' title="bbox 507 681 1076 722">
     <span class='ocr_line' id='line_1_5' title="bbox 507 681 1076 722; baseline -0.004 -1"><span class='ocrx_word' id='word_1_22' title='bbox 507 683 582 722; x_wconf 91' lang='lat' dir='ltr'><strong>DE</strong></span> <span class='ocrx_word' id='word_1_23' title='bbox 611 683 672 721; x_wconf 89' lang='lat' dir='ltr'><strong>IN</strong></span> <span class='ocrx_word' id='word_1_24' title='bbox 673 681 1076 721; x_wconf 82' lang='lat' dir='ltr'><strong>TEMPERANTIA.</strong></span> 
     </span>
    </p>
   </div>
   <div class='ocr_carea' id='block_1_6' title="bbox 127 767 1274 2144">
    <p class='ocr_par' dir='ltr' id='par_1_6' title="bbox 127 767 1274 2144">
     <span class='ocr_line' id='line_1_6' title="bbox 639 767 956 813; baseline -0.013 -1"><span class='ocrx_word' id='word_1_25' title='bbox 639 768 704 813; x_wconf 87' lang='lat'><strong>18.</strong></span> <span class='ocrx_word' id='word_1_26' title='bbox 726 767 956 810; x_wconf 75' lang='lat' dir='ltr'><strong>Philemon.</strong></span> 
     </span>
     <span class='ocr_line' id='line_1_7' title="bbox 185 841 1048 899; baseline -0.005 -13"><span class='ocrx_word' id='word_1_27' title='bbox 185 843 361 886; x_wconf 79' lang='lat' dir='ltr'><strong>²Effare</strong></span> <span class='ocrx_word' id='word_1_28' title='bbox 380 842 500 885; x_wconf 91' lang='lat' dir='ltr'><strong>nobis</strong></span> <span class='ocrx_word' id='word_1_29' title='bbox 518 841 662 894; x_wconf 89' lang='lat' dir='ltr'><strong>libere,</strong></span> <span class='ocrx_word' id='word_1_30' title='bbox 682 856 810 899; x_wconf 91' lang='lat' dir='ltr'><strong>quem</strong></span> <span class='ocrx_word' id='word_1_31' title='bbox 831 849 872 883; x_wconf 90' lang='lat' dir='ltr'><strong>te</strong></span> <span class='ocrx_word' id='word_1_32' title='bbox 890 842 1048 898; x_wconf 80' lang='lat' dir='ltr'><strong>putas?</strong></span> 
     </span>
     <span class='ocr_line' id='line_1_8' title="bbox 128 911 1274 974; baseline -0.004 -15"><span class='ocrx_word' id='word_1_33' title='bbox 128 916 389 974; x_wconf 86' lang='lat' dir='ltr'><strong>Loquerisne</strong></span> <span class='ocrx_word' id='word_1_34' title='bbox 408 915 648 958; x_wconf 88' lang='lat' dir='ltr'><strong>hominibus</strong></span> <span class='ocrx_word' id='word_1_35' title='bbox 666 914 755 972; x_wconf 84' lang='lat' dir='ltr'><strong>ipse</strong></span> <span class='ocrx_word' id='word_1_36' title='bbox 773 928 859 956; x_wconf 91' lang='lat' dir='ltr'><strong>non</strong></span> <span class='ocrx_word' id='word_1_37' title='bbox 877 912 1018 964; x_wconf 90' lang='lat' dir='ltr'><strong>homo,</strong></span> <span class='ocrx_word' id='word_1_38' title='bbox 1036 911 1109 955; x_wconf 88' lang='lat' dir='ltr'><strong>sed</strong></span> <span class='ocrx_word' id='word_1_39' title='bbox 1129 920 1274 955; x_wconf 88' lang='lat' dir='ltr'><strong>tenens</strong></span> 
     </span>
     <span class='ocr_line' id='line_1_9' title="bbox 128 984 1102 1046; baseline -0.006 -14"><span class='ocrx_word' id='word_1_40' title='bbox 128 990 287 1032; x_wconf 90' lang='lat' dir='ltr'>Orbem</span> <span class='ocrx_word' id='word_1_41' title='bbox 308 989 387 1031; x_wconf 93' lang='lat' dir='ltr'><strong>sub</strong></span> <span class='ocrx_word' id='word_1_42' title='bbox 406 987 601 1046; x_wconf 90' lang='lat' dir='ltr'><strong>pedibus,</strong></span> <span class='ocrx_word' id='word_1_43' title='bbox 621 1002 676 1029; x_wconf 82' lang='lat' dir='ltr'><strong>an</strong></span> <span class='ocrx_word' id='word_1_44' title='bbox 694 985 907 1032; x_wconf 87' lang='lat' dir='ltr'><strong>communi</strong></span> <span class='ocrx_word' id='word_1_45' title='bbox 927 984 1102 1027; x_wconf 86' lang='lat' dir='ltr'><strong>vesceris</strong></span> 
     </span>
     <span class='ocr_line' id='line_1_10' title="bbox 127 1058 1069 1119; baseline -0.006 -13"><span class='ocrx_word' id='word_1_46' title='bbox 127 1065 247 1106; x_wconf 81' lang='lat' dir='ltr'><strong>Aura</strong></span> <span class='ocrx_word' id='word_1_47' title='bbox 265 1062 497 1113; x_wconf 84' lang='lat' dir='ltr'><strong>nobiscum,</strong></span> <span class='ocrx_word' id='word_1_48' title='bbox 519 1061 594 1119; x_wconf 91' lang='lat' dir='ltr'><strong>qui</strong></span> <span class='ocrx_word' id='word_1_49' title='bbox 614 1070 656 1103; x_wconf 93' lang='lat' dir='ltr'><strong>te</strong></span> <span class='ocrx_word' id='word_1_50' title='bbox 675 1070 762 1103; x_wconf 84' lang='lat' dir='ltr'><strong>tam</strong></span> <span class='ocrx_word' id='word_1_51' title='bbox 781 1059 924 1117; x_wconf 83' lang='lat' dir='ltr'><strong>magni</strong></span> <span class='ocrx_word' id='word_1_52' title='bbox 942 1058 1069 1101; x_wconf 76' lang='lat' dir='ltr'><strong>facis?</strong></span> 
     </span>
     <span class='ocr_line' id='line_1_11' title="bbox 638 1133 960 1191; baseline -0.012 -14"><span class='ocrx_word' id='word_1_53' title='bbox 638 1147 703 1191; x_wconf 90' lang='lat'><strong>19.</strong></span> <span class='ocrx_word' id='word_1_54' title='bbox 728 1133 960 1177; x_wconf 62' lang='lat' dir='ltr'><strong>Oleum-thes.</strong></span> 
     </span>
     <span class='ocr_line' id='line_1_12' title="bbox 186 1206 1047 1266; baseline -0.006 -14"><span class='ocrx_word' id='word_1_55' title='bbox 186 1218 206 1240; x_wconf 72' lang='lat'>⁸</span> <span class='ocrx_word' id='word_1_56' title='bbox 217 1211 391 1252; x_wconf 83' lang='lat' dir='ltr'><strong>Patrare</strong></span> <span class='ocrx_word' id='word_1_57' title='bbox 409 1208 601 1266; x_wconf 89' lang='lat' dir='ltr'><strong>quisquis</strong></span> <span class='ocrx_word' id='word_1_58' title='bbox 618 1207 873 1265; x_wconf 76' lang='lat' dir='ltr'><strong>concupiscit</strong></span> <span class='ocrx_word' id='word_1_59' title='bbox 892 1206 1047 1264; x_wconf 83' lang='lat' dir='ltr'><strong>turpia,</strong></span> 
     </span>
     <span class='ocr_line' id='line_1_13' title="bbox 129 1279 930 1332; baseline -0.006 -7"><span class='ocrx_word' id='word_1_60' title='bbox 129 1281 322 1325; x_wconf 81' lang='lat' dir='ltr'><strong>Patrabit</strong></span> <span class='ocrx_word' id='word_1_61' title='bbox 340 1280 467 1332; x_wconf 92' lang='lat' dir='ltr'><strong>idem,</strong></span> <span class='ocrx_word' id='word_1_62' title='bbox 489 1280 523 1322; x_wconf 86' lang='lat' dir='ltr'><strong>si</strong></span> <span class='ocrx_word' id='word_1_63' title='bbox 542 1280 643 1323; x_wconf 81' lang='lat' dir='ltr'><strong>data</strong></span> <span class='ocrx_word' id='word_1_64' title='bbox 661 1279 741 1322; x_wconf 88' lang='lat' dir='ltr'><strong>erit</strong></span> <span class='ocrx_word' id='word_1_65' title='bbox 760 1293 930 1322; x_wconf 73' lang='lat' dir='ltr'><strong>occafflo.</strong></span> 
     </span>
     <span class='ocr_line' id='line_1_14' title="bbox 687 1353 907 1398; baseline -0.018 0"><span class='ocrx_word' id='word_1_66' title='bbox 687 1367 754 1398; x_wconf 91' lang='lat'><strong>20.</strong></span> <span class='ocrx_word' id='word_1_67' title='bbox 776 1353 907 1395; x_wconf 76' lang='lat' dir='ltr'><strong>Idem.</strong></span> 
     </span>
     <span class='ocr_line' id='line_1_15' title="bbox 188 1424 992 1471; baseline -0.006 0"><span class='ocrx_word' id='word_1_68' title='bbox 188 1427 496 1471; x_wconf 86' lang='lat' dir='ltr'><strong>Adulterorum</strong></span> <span class='ocrx_word' id='word_1_69' title='bbox 516 1426 631 1469; x_wconf 84' lang='lat' dir='ltr'><strong>natio</strong></span> <span class='ocrx_word' id='word_1_70' title='bbox 650 1426 765 1468; x_wconf 90' lang='lat' dir='ltr'><strong>unde</strong></span> <span class='ocrx_word' id='word_1_71' title='bbox 782 1424 992 1468; x_wconf 82' lang='lat' dir='ltr'><strong>nascitur?</strong></span> 
     </span>
     <span class='ocr_line' id='line_1_16' title="bbox 132 1498 887 1545; baseline -0.004 -1"><span class='ocrx_word' id='word_1_72' title='bbox 132 1503 204 1545; x_wconf 85' lang='lat' dir='ltr'><strong>Ex</strong></span> <span class='ocrx_word' id='word_1_73' title='bbox 223 1500 466 1544; x_wconf 79' lang='lat' dir='ltr'><strong>luxuriante</strong></span> <span class='ocrx_word' id='word_1_74' title='bbox 479 1500 668 1543; x_wconf 82' lang='lat' dir='ltr'><strong>Venerea</strong></span> <span class='ocrx_word' id='word_1_75' title='bbox 684 1498 887 1542; x_wconf 88' lang='lat' dir='ltr'><strong>lubidine.</strong></span> 
     </span>
     <span class='ocr_line' id='line_1_17' title="bbox 449 1573 958 1631; baseline -0.012 -11"><span class='ocrx_word' id='word_1_76' title='bbox 449 1619 454 1622; x_wconf 79' lang='grc'>,</span> <span class='ocrx_word' id='word_1_77' title='bbox 645 1587 711 1619; x_wconf 83' lang='lat'><strong>21.</strong></span> <span class='ocrx_word' id='word_1_78' title='bbox 732 1573 958 1631; x_wconf 65' lang='lat' dir='ltr'><strong>Eupho-on.</strong></span> 
     </span>
     <span class='ocr_line' id='line_1_18' title="bbox 191 1643 1032 1703; baseline -0.006 -12"><span class='ocrx_word' id='word_1_79' title='bbox 191 1646 324 1690; x_wconf 81' lang='lat' dir='ltr'><strong>Nulla</strong></span> <span class='ocrx_word' id='word_1_80' title='bbox 341 1644 579 1689; x_wconf 78' lang='lat' dir='ltr'>horribilior</span> <span class='ocrx_word' id='word_1_81' title='bbox 596 1643 726 1703; x_wconf 85' lang='lat' dir='ltr'><strong>pestis</strong></span> <span class='ocrx_word' id='word_1_82' title='bbox 744 1652 807 1686; x_wconf 86' lang='lat' dir='ltr'><strong>est</strong></span> <span class='ocrx_word' id='word_1_83' title='bbox 826 1643 1032 1695; x_wconf 79' lang='lat' dir='ltr'><strong>adultero,</strong></span> 
     </span>
     <span class='ocr_line' id='line_1_19' title="bbox 135 1712 958 1773; baseline -0.009 -9"><span class='ocrx_word' id='word_1_84' title='bbox 135 1720 219 1773; x_wconf 84' lang='lat' dir='ltr'><strong>Qui</strong></span> <span class='ocrx_word' id='word_1_85' title='bbox 238 1719 421 1763; x_wconf 82' lang='lat' dir='ltr'><strong>maximo</strong></span> <span class='ocrx_word' id='word_1_86' title='bbox 439 1712 600 1762; x_wconf 73' lang='lat' dir='ltr'><strong>lascivit</strong></span> <span class='ocrx_word' id='word_1_87' title='bbox 617 1717 753 1760; x_wconf 84' lang='lat' dir='ltr'><strong>alieno</strong></span> <span class='ocrx_word' id='word_1_88' title='bbox 771 1716 816 1761; x_wconf 88' lang='lat' dir='ltr'><strong>in</strong></span> <span class='ocrx_word' id='word_1_89' title='bbox 831 1715 958 1760; x_wconf 84' lang='lat' dir='ltr'><strong>malo.</strong></span> 
     </span>
     <span class='ocr_line' id='line_1_20' title="bbox 528 1790 1071 1849; baseline -0.011 -12"><span class='ocrx_word' id='word_1_90' title='bbox 528 1804 594 1837; x_wconf 83' lang='lat'><strong>22.</strong></span> <span class='ocrx_word' id='word_1_91' title='bbox 615 1790 854 1849; x_wconf 69' lang='lat' dir='ltr'><strong>Euripides</strong></span> <span class='ocrx_word' id='word_1_92' title='bbox 872 1790 1071 1848; x_wconf 62' lang='lat' dir='ltr'><strong>Antiqua.</strong></span> 
     </span>
     <span class='ocr_line' id='line_1_21' title="bbox 191 1864 1046 1927; baseline -0.005 -17"><span class='ocrx_word' id='word_1_93' title='bbox 191 1867 256 1910; x_wconf 88' lang='lat' dir='ltr'><strong>Hi</strong></span> <span class='ocrx_word' id='word_1_94' title='bbox 275 1866 351 1924; x_wconf 92' lang='lat' dir='ltr'><strong>qui</strong></span> <span class='ocrx_word' id='word_1_95' title='bbox 369 1866 524 1924; x_wconf 87' lang='lat' dir='ltr'><strong>saginae</strong></span> <span class='ocrx_word' id='word_1_96' title='bbox 544 1864 837 1923; x_wconf 79' lang='lat' dir='ltr'><strong>manciparunt</strong></span> <span class='ocrx_word' id='word_1_97' title='bbox 855 1878 1046 1927; x_wconf 64' lang='lat' dir='ltr'><strong>empore,</strong></span> 
     </span>
     <span class='ocr_line' id='line_1_22' title="bbox 135 1941 832 1999; baseline -0.004 -13"><span class='ocrx_word' id='word_1_98' title='bbox 135 1942 423 1986; x_wconf 86' lang='lat' dir='ltr'><strong>Periculosum</strong></span> <span class='ocrx_word' id='word_1_99' title='bbox 443 1941 683 1985; x_wconf 80' lang='lat' dir='ltr'><strong>civitatibus</strong></span> <span class='ocrx_word' id='word_1_100' title='bbox 696 1955 832 1999; x_wconf 87' lang='lat' dir='ltr'><strong>genus</strong></span> 
     </span>
     <span class='ocr_line' id='line_1_23' title="bbox 136 2013 942 2073; baseline -0.002 -15"><span class='ocrx_word' id='word_1_101' title='bbox 136 2015 323 2059; x_wconf 82' lang='lat' dir='ltr'><strong>Pecunia</strong></span> <span class='ocrx_word' id='word_1_102' title='bbox 339 2015 551 2073; x_wconf 84' lang='lat' dir='ltr'><strong>fugiente:</strong></span> <span class='ocrx_word' id='word_1_103' title='bbox 584 2014 719 2057; x_wconf 84' lang='lat' dir='ltr'><strong>ventri</strong></span> <span class='ocrx_word' id='word_1_104' title='bbox 738 2013 942 2057; x_wconf 85' lang='lat' dir='ltr'><strong>obnoxios</strong></span> 
     </span>
     <span class='ocr_line' id='line_1_24' title="bbox 136 2086 1011 2144; baseline -0.006 -12"><span class='ocrx_word' id='word_1_105' title='bbox 136 2089 314 2132; x_wconf 81' lang='lat' dir='ltr'><strong>Manere</strong></span> <span class='ocrx_word' id='word_1_106' title='bbox 327 2087 474 2130; x_wconf 88' lang='lat' dir='ltr'><strong>iisdem</strong></span> <span class='ocrx_word' id='word_1_107' title='bbox 493 2087 620 2130; x_wconf 88' lang='lat' dir='ltr'><strong>rebus</strong></span> <span class='ocrx_word' id='word_1_108' title='bbox 638 2086 873 2144; x_wconf 82' lang='lat' dir='ltr'><strong>optandum</strong></span> <span class='ocrx_word' id='word_1_109' title='bbox 890 2086 1011 2128; x_wconf 83' lang='lat' dir='ltr'><strong>foret.</strong></span> 
     </span>
    </p>
   </div>
   <div class='ocr_carea' id='block_1_7' title="bbox 0 0 94 778">
    <p class='ocr_par' dir='ltr' id='par_1_7' title="bbox 0 0 94 778">
     <span class='ocr_line' id='line_1_25' title="bbox 0 0 94 778; baseline 0 2498"><span class='ocrx_word' id='word_1_110' title='bbox 0 0 94 778; x_wconf 95' lang='lat' dir='ltr'><strong> </strong></span> 
     </span>
    </p>
   </div>
   <div class='ocr_carea' id='block_1_8' title="bbox 137 2159 1284 2868">
    <p class='ocr_par' dir='ltr' id='par_1_8' title="bbox 137 2159 1284 2868">
     <span class='ocr_line' id='line_1_26' title="bbox 589 2159 1023 2217; baseline -0.005 -15"><span class='ocrx_word' id='word_1_111' title='bbox 589 2172 657 2217; x_wconf 84' lang='lat'><strong>23.</strong></span> <span class='ocrx_word' id='word_1_112' title='bbox 678 2159 1023 2202; x_wconf 52' lang='lat' dir='ltr'><strong>Anaxmndvides.</strong></span> 
     </span>
     <span class='ocr_line' id='line_1_27' title="bbox 195 2230 1150 2290; baseline -0.002 -15"><span class='ocrx_word' id='word_1_113' title='bbox 195 2234 263 2276; x_wconf 94' lang='lat' dir='ltr'><strong>Ne</strong></span> <span class='ocrx_word' id='word_1_114' title='bbox 283 2241 324 2275; x_wconf 90' lang='lat' dir='ltr'><strong>te</strong></span> <span class='ocrx_word' id='word_1_115' title='bbox 342 2232 571 2290; x_wconf 77' lang='lat' dir='ltr'><strong>voluptatis</strong></span> <span class='ocrx_word' id='word_1_116' title='bbox 592 2247 780 2290; x_wconf 81' lang='lat' dir='ltr'><strong>unquam</strong></span> <span class='ocrx_word' id='word_1_117' title='bbox 800 2246 968 2274; x_wconf 87' lang='lat' dir='ltr'><strong>servum</strong></span> <span class='ocrx_word' id='word_1_118' title='bbox 986 2230 1150 2274; x_wconf 85' lang='lat' dir='ltr'><strong>feceris:</strong></span> 
     </span>
     <span class='ocr_line' id='line_1_28' title="bbox 137 2303 1227 2363; baseline -0.003 -15"><span class='ocrx_word' id='word_1_119' title='bbox 137 2306 290 2363; x_wconf 83' lang='lat' dir='ltr'><strong>Neque</strong></span> <span class='ocrx_word' id='word_1_120' title='bbox 308 2305 419 2348; x_wconf 90' lang='lat' dir='ltr'><strong>enim</strong></span> <span class='ocrx_word' id='word_1_121' title='bbox 438 2305 518 2348; x_wconf 89' lang='lat' dir='ltr'><strong>viri</strong></span> <span class='ocrx_word' id='word_1_122' title='bbox 536 2305 617 2348; x_wconf 91' lang='lat' dir='ltr'><strong>hoc</strong></span> <span class='ocrx_word' id='word_1_123' title='bbox 635 2314 712 2357; x_wconf 59' lang='grc' dir='ltr'><strong>ωε,</strong></span> <span class='ocrx_word' id='word_1_124' title='bbox 733 2304 806 2347; x_wconf 83' lang='lat' dir='ltr'><strong>sed</strong></span> <span class='ocrx_word' id='word_1_125' title='bbox 825 2303 1014 2347; x_wconf 80' lang='lat' dir='ltr'><strong>subantis</strong></span> <span class='ocrx_word' id='word_1_126' title='bbox 1032 2303 1227 2346; x_wconf 89' lang='lat' dir='ltr'><strong>foeminae.</strong></span> 
     </span>
     <span class='ocr_line' id='line_1_29' title="bbox 681 2377 928 2431; baseline -0.02 -9"><span class='ocrx_word' id='word_1_127' title='bbox 681 2390 748 2431; x_wconf 85' lang='lat'><strong>24</strong></span> <span class='ocrx_word' id='word_1_128' title='bbox 769 2377 928 2420; x_wconf 70' lang='lat' dir='ltr'><strong>Alexis.</strong></span> 
     </span>
     <span class='ocr_line' id='line_1_30' title="bbox 196 2449 1092 2507; baseline -0.002 -15"><span class='ocrx_word' id='word_1_129' title='bbox 196 2450 365 2492; x_wconf 78' lang='lat' dir='ltr'><strong>Noxam</strong></span> <span class='ocrx_word' id='word_1_130' title='bbox 384 2449 595 2493; x_wconf 76' lang='lat' dir='ltr'><strong>trahentes</strong></span> <span class='ocrx_word' id='word_1_131' title='bbox 614 2460 710 2507; x_wconf 87' lang='lat' dir='ltr'><strong>post</strong></span> <span class='ocrx_word' id='word_1_132' title='bbox 729 2465 772 2492; x_wconf 91' lang='lat' dir='ltr'><strong>se</strong></span> <span class='ocrx_word' id='word_1_133' title='bbox 791 2449 959 2492; x_wconf 81' lang='lat' dir='ltr'><strong>delicias</strong></span> <span class='ocrx_word' id='word_1_134' title='bbox 976 2449 1092 2507; x_wconf 85' lang='lat' dir='ltr'><strong>fuge.</strong></span> 
     </span>
     <span class='ocr_line' id='line_1_31' title="bbox 635 2522 976 2578; baseline -0.006 -13"><span class='ocrx_word' id='word_1_135' title='bbox 635 2534 703 2578; x_wconf 82' lang='lat'><strong>25.</strong></span> <span class='ocrx_word' id='word_1_136' title='bbox 725 2522 976 2564; x_wconf 75' lang='lat' dir='ltr'><strong>Menander.</strong></span> 
     </span>
     <span class='ocr_line' id='line_1_32' title="bbox 199 2593 1056 2652; baseline -0.001 -15"><span class='ocrx_word' id='word_1_137' title='bbox 199 2593 385 2637; x_wconf 91' lang='lat' dir='ltr'><strong>Adulter</strong></span> <span class='ocrx_word' id='word_1_138' title='bbox 402 2603 465 2637; x_wconf 88' lang='lat' dir='ltr'><strong>est</strong></span> <span class='ocrx_word' id='word_1_139' title='bbox 484 2610 564 2646; x_wconf 89' lang='lat' dir='ltr'><strong>res,</strong></span> <span class='ocrx_word' id='word_1_140' title='bbox 584 2594 721 2647; x_wconf 87' lang='lat' dir='ltr'><strong>crede,</strong></span> <span class='ocrx_word' id='word_1_141' title='bbox 740 2593 1056 2652; x_wconf 78' lang='lat' dir='ltr'><strong>pretiosissima:</strong></span> 
     </span>
     <span class='ocr_line' id='line_1_33' title="bbox 142 2660 696 2713; baseline -0.005 0"><span class='ocrx_word' id='word_1_142' title='bbox 142 2669 255 2713; x_wconf 85' lang='lat' dir='ltr'><strong>Nam</strong></span> <span class='ocrx_word' id='word_1_143' title='bbox 274 2676 408 2711; x_wconf 85' lang='lat' dir='ltr'><strong>morte</strong></span> <span class='ocrx_word' id='word_1_144' title='bbox 425 2675 598 2711; x_wconf 72' lang='lat' dir='ltr'><strong>constat.</strong></span> <span class='ocrx_word' id='word_1_145' title='bbox 694 2660 696 2662; x_wconf 36' lang='lat'>¹</span> 
     </span>
     <span class='ocr_line' id='line_1_34' title="bbox 699 2739 917 2783; baseline -0.014 0"><span class='ocrx_word' id='word_1_146' title='bbox 699 2739 766 2783; x_wconf 86' lang='lat'><strong>26.</strong></span> <span class='ocrx_word' id='word_1_147' title='bbox 787 2739 917 2781; x_wconf 84' lang='lat' dir='ltr'><strong>Idem.</strong></span> 
     </span>
     <span class='ocr_line' id='line_1_35' title="bbox 202 2808 1284 2868; baseline -0.004 -13"><span class='ocrx_word' id='word_1_148' title='bbox 202 2811 431 2855; x_wconf 83' lang='lat' dir='ltr'><strong>Inhonesta</strong></span> <span class='ocrx_word' id='word_1_149' title='bbox 446 2811 546 2863; x_wconf 75' lang='lat' dir='ltr'><strong>vita,</strong></span> <span class='ocrx_word' id='word_1_150' title='bbox 567 2810 799 2868; x_wconf 86' lang='lat' dir='ltr'><strong>quamlibet</strong></span> <span class='ocrx_word' id='word_1_151' title='bbox 818 2810 967 2862; x_wconf 87' lang='lat' dir='ltr'><strong>dulcis,</strong></span> <span class='ocrx_word' id='word_1_152' title='bbox 987 2808 1191 2868; x_wconf 86' lang='lat' dir='ltr'><strong>probrum</strong></span> <span class='ocrx_word' id='word_1_153' title='bbox 1210 2818 1284 2851; x_wconf 92' lang='lat' dir='ltr'><strong>est.</strong></span> 
     </span>
    </p>
   </div>
   <div class='ocr_carea' id='block_1_9' title="bbox 304 2914 1318 2949">
    <p class='ocr_par' dir='ltr' id='par_1_9' title="bbox 304 2914 1318 2949">
     <span class='ocr_line' id='line_1_36' title="bbox 304 2914 1318 2949; baseline -0.003 0"><span class='ocrx_word' id='word_1_154' title='bbox 304 2922 317 2939; x_wconf 81' lang='lat'>¹</span> <span class='ocrx_word' id='word_1_155' title='bbox 331 2915 430 2949; x_wconf 70' lang='lat' dir='ltr'><strong>Refer</strong></span> <span class='ocrx_word' id='word_1_156' title='bbox 444 2915 486 2947; x_wconf 74' lang='lat' dir='ltr'><strong>ul</strong></span> <span class='ocrx_word' id='word_1_157' title='bbox 496 2914 563 2948; x_wconf 81' lang='lat' dir='ltr'><strong>Tit.</strong></span> <span class='ocrx_word' id='word_1_158' title='bbox 578 2916 693 2949; x_wconf 83' lang='lat' dir='ltr'><strong>xxll.</strong></span> <span class='ocrx_word' id='word_1_159' title='bbox 992 2921 1007 2935; x_wconf 79' lang='lat'>⁸</span> <span class='ocrx_word' id='word_1_160' title='bbox 1022 2915 1119 2947; x_wconf 78' lang='lat' dir='ltr'><strong>Refer</strong></span> <span class='ocrx_word' id='word_1_161' title='bbox 1133 2915 1175 2947; x_wconf 74' lang='lat' dir='ltr'><strong>ad</strong></span> <span class='ocrx_word' id='word_1_162' title='bbox 1186 2914 1255 2948; x_wconf 78' lang='lat' dir='ltr'><strong>Tit.</strong></span> <span class='ocrx_word' id='word_1_163' title='bbox 1271 2915 1318 2947; x_wconf 85' lang='lat'><strong>11.</strong></span> 
     </span>
    </p>
   </div>
   <div class='ocr_carea' id='block_1_10' title="bbox 1410 296 1462 341">
    <p class='ocr_par' dir='ltr' id='par_1_10' title="bbox 1410 296 1462 341">
     <span class='ocr_line' id='line_1_37' title="bbox 1410 296 1462 341; baseline 0 0"><span class='ocrx_word' id='word_1_164' title='bbox 1410 296 1462 341; x_wconf 84' lang='lat'><strong>27</strong></span> 
     </span>
    </p>
   </div>
  </div>
 </body>
</html>
