1838 3276
332 275 349 303 1
359 275 382 305 2
736 257 884 304 IOAN
887 262 928 304 N
932 261 988 303 IS
1022 255 1258 303 STOBAEI

330 375 636 416 Sententiarum
657 374 720 416 vis
739 384 1008 432 paternarum
1027 375 1203 418 excidet.

327 447 453 489 Dabo
472 462 572 505 ergo
590 456 777 505 gemmas
796 463 892 504 quae
905 448 1174 504 juventutem
1188 449 1356 505 juvent,
1431 487 1433 489 .

328 522 525 563 Sermone
546 521 737 578 quamvis
756 520 891 564 multa
909 521 1187 579 complectens
1204 521 1335 565 brevi.
1369 524 1371 528 ’

326 593 542 651 Benignus
559 604 648 636 esto
667 607 829 651 semper
848 603 890 636 et
909 594 1154 637 tractabilis:

326 666 416 708 Nec
436 666 556 708 diviti
574 666 725 723 largire
743 666 840 724 plus
859 682 987 724 quam
1007 667 1194 725 pauperi.

325 739 396 780 Da
415 748 456 780 te
475 737 702 780 fruendum
722 738 878 795 pariter
898 754 950 780 ex
971 754 1095 796 aequo
1114 739 1320 782 omnibus.

325 811 616 869 Negotiorum‚
638 811 692 854 de
711 810 879 854 duobus
898 828 996 870 quae
1015 812 1248 865 imminent,

326 884 475 926 Statim
495 883 613 926 alteri
632 884 819 927 animum
838 885 1023 938 adverte,
1044 902 1097 929 ne
1116 888 1382 944 procrastina.

324 957 525 1000 Fundare
544 957 578 999 si
597 957 660 999 vis
679 957 780 1000 solia
798 974 1006 1002 mansurae
1025 960 1190 1011 domus,

324 1033 437 1090 Opes
455 1031 619 1089 iniquas
639 1047 797 1089 sperne.
856 1034 968 1075 Nam
988 1049 1085 1090 quae
1104 1050 1180 1091 per
1198 1035 1314 1076 nefas

321 1106 456 1147 Trans
475 1104 602 1146 limen
621 1105 792 1158 intrant,
813 1115 922 1149 stare
941 1122 1024 1149 non
1045 1117 1221 1165 possunt
1240 1108 1328 1150 diu.

322 1177 410 1220 Fac
429 1177 590 1234 aliquid
609 1177 779 1220 habeas:
811 1178 910 1221 inde
929 1179 1124 1227 nobilitas
1143 1181 1271 1232 venit,

321 1252 381 1293 Et
400 1251 644 1308 nuptiarum
663 1252 784 1309 copia
802 1243 1080 1310 optimatium.

319 1327 385 1368 At
403 1341 579 1383 pauper,
600 1325 710 1368 adsit
729 1326 961 1383 quamlibet
981 1328 1196 1385 sapientia,

319 1400 486 1457 Expers
505 1399 674 1442 honoris
694 1414 846 1442 nomen
865 1400 993 1444 habet
1011 1402 1250 1459 inglorium.

320 1471 448 1514 Tales
467 1472 620 1514 amicos
639 1487 797 1529 quaere,
817 1473 892 1530 qui
912 1489 1059 1517 verum
1079 1474 1195 1531 loqui

321 1548 570 1589 Constanter
589 1546 745 1589 ausint:
777 1547 887 1590 obde
907 1548 1082 1591 ferratas
1100 1549 1212 1591 fores

320 1620 418 1671 His,
439 1619 514 1677 qui
534 1619 721 1662 infideles
739 1621 886 1678 gratiae
907 1637 949 1664 se
967 1622 1218 1679 mancipant.

317 1694 529 1737 Adsuesce
550 1694 733 1737 senibus:
769 1695 870 1737 utile
891 1704 953 1738 est
972 1697 1278 1738 commercium.

318 1768 465 1810 Brevis
484 1767 678 1826 voluptas
699 1785 808 1826 saepe
827 1769 1037 1812 tristitiam
1057 1769 1178 1827 parit.

318 1841 394 1882 Ad
414 1840 628 1898 dignitatis
647 1841 732 1883 alta
750 1851 896 1885 vectus
914 1842 1098 1884 culmina

317 1915 385 1956 Ne
404 1914 558 1956 civium
579 1914 823 1971 corporibus
842 1914 995 1957 illudas
1013 1930 1133 1957 cave:

319 1987 373 2029 In
392 2003 478 2030 sese
498 1996 540 2029 et
560 2002 676 2030 enses
695 1988 808 2030 acuit
827 1996 870 2030 et
889 1987 1088 2045 laqueum
1110 1997 1230 2030 vocat

317 2060 569 2117 Quicunque
588 2061 751 2103 honesti
770 2061 967 2118 pauperis
985 2070 1157 2119 spurcat
1176 2060 1361 2103 domum.

318 2132 525 2174 Mandare
545 2132 630 2174 noli
649 2146 732 2175 non
751 2133 895 2190 probis
913 2133 1213 2192 rempublicam
1229 2150 1239 2175 :

317 2206 512 2261 Namque
531 2205 757 2262 impiorum
776 2206 904 2259 natio,
925 2222 1074 2264 gazam
1093 2207 1172 2250 sibi

316 2279 392 2321 Vel
412 2280 561 2337 imperi
578 2280 663 2321 vim
684 2289 819 2332 nacta,
841 2280 1023 2324 desultat
1040 2281 1176 2333 ferox,

316 2352 505 2395 Crevisse
523 2368 694 2395 cernens
715 2369 831 2411 spem
851 2370 979 2412 supra
997 2356 1137 2398 subito
1156 2356 1273 2399 lares.

314 2426 376 2466 Et
387 2425 477 2480 jam
497 2439 669 2466 manum
689 2425 758 2476 da,
779 2435 891 2477 nate,
913 2428 1165 2484 tangendam
1185 2430 1310 2486 patri,

315 2495 512 2553 Valeque.
565 2497 677 2538 Nam
698 2507 739 2538 te
758 2497 953 2554 prohibet
972 2499 1167 2557 amplecti
1185 2502 1342 2559 pudor:

316 2570 402 2611 Cor
421 2569 578 2626 quippe
596 2584 680 2611 non
699 2569 901 2612 muliebre
922 2571 1148 2628 sapientem
1168 2573 1299 2616 decet.

821 2695 884 2738 19.
912 2683 1140 2741 Theognis.

372 2783 443 2826 Illi
461 2783 606 2841 lingua
627 2785 747 2842 sapit,
769 2786 881 2829 oculi
899 2803 1083 2845 quoque,
1105 2805 1180 2832 nec
1200 2790 1338 2834 minus
1358 2807 1497 2845 aures,

428 2858 617 2914 Quaeque
638 2858 715 2901 sita
734 2859 778 2902 in
796 2861 935 2916 medio
954 2871 1015 2905 est
1034 2874 1201 2920 pectore
1221 2880 1336 2908 mens
1356 2866 1494 2909 animi.
