1780 3178
447 238 915 283 FLORILEGIUM.
945 237 1047 280 Trr.
1071 249 1138 293 29.
1388 244 1440 289 77

604 353 642 394 8.
663 351 965 411 Epicharmus.
1012 365 1016 368 ·

171 428 231 471 Da
250 443 347 471 suas
365 427 508 470 labore
524 426 646 470 dotes
663 441 752 469 esse
770 424 938 468 venales
955 423 1116 467 volunt.

522 514 563 557 9.
586 500 824 559 Euripiden
849 498 1042 557 Telepho.

153 566 155 569 V
173 577 295 634 Opus
312 583 376 618 est
394 574 569 626 laboret,
589 588 678 617 esse
695 572 772 630 qui
790 571 893 615 felix
912 570 1042 629 cupit.

656 659 722 689 10.
746 644 918 688 Critias.

175 722 340 765 Natura
359 721 502 780 plures
520 721 595 764 dat
612 720 732 763 labor
750 734 839 762 esse
856 718 1001 762 bonos.

579 805 646 835 12.
667 790 990 834 Alexander-idea.

177 867 350 925 Ubique
369 868 494 910 finem
514 865 669 924 reperit
687 864 882 907 assiduus
900 862 1036 905 labor.

667 953 685 981 1
692 952 733 996 3.
755 939 964 980 Incertus.

178 1016 277 1058 Hoc
295 1030 339 1057 es
357 1014 606 1066 monendus,
626 1022 739 1064 nate,
758 1012 974 1054 fortunam
993 1009 1112 1052 labor

39 1094 42 1095 ⁷
122 1089 334 1131 Venatur:
366 1087 464 1130 hinc
483 1096 546 1129 est
564 1086 682 1144 quod
700 1085 781 1128 coli
799 1082 1111 1143 patrem'vides.

514 1173 579 1213 14.
600 1157 838 1215 Eun-ipidee
857 1155 1074 1198 Archelao.

182 1235 321 1277 Nemo
338 1233 513 1277 otiosam
530 1231 711 1275 molliter
728 1231 860 1274 vitam
878 1229 1048 1273 trahens

128 1309 302 1350 Famam
321 1307 500 1366 paravit,
519 1322 618 1365 quae
636 1305 764 1348 datur
783 1303 1019 1347 sudoribus.

648 1387 714 1433 15.
735 1378 943 1419 Incertus.

184 1453 269 1506 Qui
288 1453 386 1512 plus
403 1452 610 1503 laborant,
630 1450 789 1509 quique
808 1457 1011 1507 praestaut
1029 1447 1203 1498 caeteris,

131 1528 226 1570 Hos
243 1527 390 1570 civitas
408 1533 646 1576 veneratur,
666 1523 744 1567 hos
761 1522 865 1566 dicit
885 1522 1005 1564 viros.

626 1597 695 1640 16.
715 1595 975 1641 Menanden,

190 1677 292 1718 Post
311 1684 374 1718 tot
392 1673 556 1716 labores
574 1672 714 1715 irritos
731 1671 789 1713 fio
806 1670 940 1728 piger.

694 1754 759 1800 17.
781 1744 913 1786 Idem.
934 1756 937 1757 ⁷

191 1821 356 1866 Genitis
374 1821 479 1864 dum
499 1820 649 1863 vivunt
667 1827 731 1862 est
748 1815 1027 1861 laborandum
1046 1814 1256 1863 omnibus,
1307 1805 1310 1807 “

135 1895 274 1939 Vitam
293 1911 369 1954 per
388 1910 431 1937 se
450 1894 618 1951 inopem
636 1892 739 1950 quia
755 1906 842 1934 non
859 1889 935 1933 alit
953 1888 1131 1947 ignavia.

530 1966 595 2009 18.
618 1964 835 2007 Hesiodus
858 1962 1076 2020 Operibus.

196 2043 241 2086 Si
259 2041 451 2100 quamvis
469 2039 682 2082 modicum
701 2037 867 2080 modico
885 2033 1166 2093 superaddere
1184 2039 1332 2082 tentes,

138 2118 280 2174 Atque
297 2115 450 2157 iterum
469 2123 597 2172 atque
614 2111 782 2163 iterum,
803 2110 975 2153 tandem
993 2116 1216 2165 consurget
1235 2120 1419 2149 acervus.

638 2199 703 2242 19.
725 2184 979 2227 Menander.

659 2261 824 2302 Rerum
843 2256 1032 2299 omnium

143 2335 259 2378 Nihil
280 2343 343 2377 est
360 2333 477 2392 quod
495 2347 580 2376 non
598 2330 789 2375 conficiat
807 2328 1001 2372 assiduus
1014 2327 1143 2370 labor.

501 2420 568 2451 20.
589 2405 826 2463 Euripides
845 2401 1125 2447 Andmonaeda.

203 2481 304 2523 Non
324 2480 411 2522 sine
428 2479 549 2538 gravi
566 2479 708 2521 labore
726 2476 872 2536 peperi
885 2475 1074 2533 gloriam.
1165 2485 1169 2488 ”

648 2564 716 2595 21.
734 2550 979 2606 AEsckyhoe.

134 2667 136 2669 ,
208 2626 354 2673 Habet
372 2625 565 2669 laborans
583 2623 907 2668 collaborantem
922 2622 1076 2664 Deum.

523 2709 591 2739 22.
612 2696 848 2754 Euripides
867 2693 1111 2737 Erechtheo.

212 2774 416 2815 Crescunt
434 2770 575 2813 labore
593 2777 745 2812 cuncta
760 2768 872 2810 bona
890 2764 1154 2809 mortalium:
