1780 3178
461 227 929 278 FLORILEGIUM.
961 228 1068 271 Tm
1091 238 1159 283 72.
1407 239 1486 284 173

589 344 630 388 3.
652 331 892 389 Euripides
910 330 1056 373 AEolo.

213 403 362 447 Puella
374 403 524 462 juveni
543 411 679 461 nupta
697 417 782 446 non
802 411 913 446 recte
932 402 1084 445 datur:

156 479 267 520 Nam
286 477 496 520 masculus
515 477 598 519 fert
617 476 766 520 melius
785 484 952 519 aetatem
971 476 1116 534 vigor;

156 550 368 595 Muliebre
387 567 540 610 corpus
559 551 683 595 citius
701 551 743 593 in
765 550 929 594 senium
941 550 1070 594 cadit.

697 637 739 678 4.
762 624 948 682 Sappho.

213 699 395 752 Quando
414 701 472 741 mi
491 698 598 742 bene
617 698 694 750 vis,
708 697 845 755 junge
864 696 966 739 toris
986 704 1028 739 te
1041 696 1322 754 Juvenilibus:

156 774 268 816 Nam
289 781 406 816 tanto
426 771 562 815 senior
583 780 624 813 te
643 785 850 828 nequeam
870 769 1011 812 vivere
1029 771 1221 828 conjuge.

505 879 507 882 .
668 854 710 901 5.
731 844 980 902 Eumspides.

214 921 326 962 Nam
346 919 463 978 quod
475 918 623 977 jugale
641 915 818 976 contigit
835 917 977 960 foedus
996 917 1114 970 mihi,

159 995 256 1036 Hoc
275 1009 342 1036 me
362 993 493 1037 teneri
512 993 577 1035 fas
595 992 652 1035 ad
670 1000 837 1035 aetatem
857 991 1061 1034 ultimam.

564 1067 604 1108 6.
627 1065 845 1108 Hesiodus
867 1066 1086 1123 sper-ibus.

215 1143 368 1193 Quaere
387 1140 464 1183 tibi
483 1154 660 1182 uxorem
679 1153 776 1181 cum
788 1138 908 1196 justa
926 1138 1155 1180 adoleverit
1173 1147 1289 1191 aetas,

158 1216 248 1258 Nec
267 1214 449 1265 multum
467 1212 604 1256 decies
623 1211 751 1255 ternis
769 1211 1004 1271 provectior
1022 1211 1156 1264 annis,

158 1289 250 1331 Nec
268 1287 428 1330 minor:
459 1286 528 1329 hic
548 1301 672 1328 verus
691 1285 876 1328 thalamo
894 1285 1057 1328 modus.
1108 1287 1229 1344 Apta
1246 1286 1387 1344 puella

160 1361 409 1415 Connubiis,
429 1360 579 1419 quinto
598 1359 711 1402 floris
723 1360 814 1417 jam
834 1359 1006 1417 puberis
1025 1374 1149 1402 anno.

584 1444 623 1489 7.
645 1433 882 1491 Euripides
901 1434 1069 1475 Danae.

216 1507 382 1550 Audite
393 1507 598 1565 juvenes:
630 1506 825 1549 omnibus
844 1506 1005 1549 dictum
1023 1506 1135 1559 volo,

160 1581 343 1625 Differre
361 1581 566 1625 thalamos
584 1581 639 1623 ad
659 1589 834 1623 senectae
853 1580 1079 1623 terminum

162 1654 316 1697 Nolite.
367 1654 537 1697 Prolem
556 1653 693 1706 serite,
714 1653 819 1696 dum
839 1662 1007 1711 tempus
1026 1653 1134 1696 sinit.

163 1727 252 1769 Res
270 1735 332 1770 est
350 1726 524 1769 molesta
541 1725 727 1768 foeminae
745 1726 930 1784 conjunx
946 1741 1084 1768 senex.

164 1802 415 1859 Properate:
443 1800 569 1858 juvat
586 1799 667 1842 hoc
685 1798 913 1841 educandis
930 1798 1086 1850 liberis,

163 1873 482 1932 Pulchrumque
494 1872 644 1932 juveni
661 1883 787 1931 natus
805 1872 995 1915 alludens
1013 1871 1135 1930 patri.

627 1947 669 1987 8.
689 1945 808 1988 Idem
826 1945 1037 1987 Phoenice.

223 2020 361 2062 Senex
380 2018 556 2062 maritus
573 2017 757 2062 foeminae
774 2017 1090 2076 ingratissimus.

556 2192 862 2242 'rrrnms
893 2187 1138 2256 LXXII.-

214 2295 275 2333 1N
303 2291 732 2332 coN'rRAHENms
761 2290 980 2329 NUPTnS
1007 2290 1129 2328 NON
1157 2289 1452 2329 OPORTERE

233 2359 631 2402 -NOBILITATEM
657 2359 849 2400 NEQUE
877 2358 1117 2397 D1V1T1As
1145 2359 1426 2406 SPECTARE,

609 2421 614 2430 '
666 2429 770 2468 SED
797 2428 1000 2468 MORES.

696 2529 733 2557 1.
754 2515 984 2558 Diodorus.

230 2592 390 2648 Legem
407 2590 515 2632 hanc
534 2586 717 2640 condixi,
733 2595 860 2645 atque
878 2586 967 2645 ipse
986 2586 1180 2630 constitui
1200 2587 1325 2630 mihi:

174 2668 245 2709 Ita
263 2665 377 2716 scivi,
393 2664 451 2706 ita
471 2663 601 2715 sanxi,
621 2663 682 2705 ita
699 2661 826 2705 animi
846 2670 929 2704 stat
947 2661 1175 2704 sententia:

175 2739 255 2783 Pol
275 2739 403 2782 satius
420 2738 588 2796 inopem
608 2737 759 2781 ducere
779 2736 973 2780 eductam
993 2735 1137 2792 probe,
