1780 3178
327 313 410 354 242
734 296 991 343 IOANNIS
1023 295 1259 339 STOBAEI

697 420 767 466 47.
789 410 1030 468 Euripides
1050 410 1296 452 Protesilao.

383 467 591 531 Miserum
610 502 698 530 esse
717 501 861 529 narras
879 485 956 543 qui
975 485 1030 528 sit
1046 485 1198 528 homo:
1230 501 1297 528 res
1314 500 1399 529 non
1418 499 1528 528 nova
1548 493 1623 528 est.

835 558 905 613 48.
928 559 1164 617 Sophocles.

385 637 531 679 Homo
547 634 673 677 flatus
692 641 755 676 est
774 641 817 676 et
835 631 1010 674 umbra:
1044 639 1247 689 praeterea
1265 630 1381 673 nihil.

828 718 898 763 49.
919 705 1164 763 AEschylus.

388 783 592 824 Humana
610 779 771 823 soboles
790 779 835 822 in
853 779 966 822 diem
985 787 1152 822 tantum
1172 778 1295 837 sapit,

330 858 421 899 Nec
441 864 503 899 est
522 854 691 898 solidior
709 854 862 897 umbra
879 869 1009 912 quam
1029 852 1137 895 fumi
1156 852 1275 896 levis.

836 940 908 985 50.
929 928 1162 970 Homerus.
1274 975 1278 978 ,

390 1005 489 1046 Hoc
509 1002 649 1062 superi
668 1002 870 1045 dederant
889 1000 1050 1043 miseris
1068 999 1330 1052 mortalibus,
1351 1015 1490 1043 aevum

333 1080 446 1122 Cum
465 1077 626 1136 gemitu
646 1085 696 1119 ut
714 1076 860 1119 vivant
877 1074 1000 1118 vacui
1018 1073 1270 1117 moeroribus
1286 1072 1378 1131 ipsi.

893 1158 964 1206 51.
983 1147 1116 1191 Idem.

391 1225 586 1281 Namque
605 1223 732 1266 homo
750 1214 998 1265 cunctarum
1011 1236 1078 1264 res
1093 1236 1180 1263 una
1193 1220 1425 1264 miserrima
1438 1234 1579 1264 rerum
1593 1229 1671 1272 est,

335 1299 451 1351 Quas
469 1297 594 1341 tellus
613 1297 743 1350 vehit,
763 1304 806 1339 et
823 1304 991 1355 vegetat
1009 1291 1244 1338 caelestibus
1257 1295 1382 1338 auris.
1652 1281 1658 1286 ⁸

892 1379 962 1426 52.
981 1370 1113 1412 Idem.

393 1442 521 1495 Quod
538 1443 721 1501 pretium
741 1453 804 1486 est
821 1442 1041 1486 hominum
1060 1458 1185 1485 causa
1203 1451 1290 1486 tam
1309 1442 1419 1486 dura
1437 1443 1577 1487 subire

336 1516 502 1569 Praelia‚
523 1517 611 1574 qui,
633 1517 742 1559 foliis
762 1516 927 1569 similes,
943 1532 1057 1559 nunc
1076 1516 1216 1559 omnia
1234 1531 1388 1575 magna

339 1589 552 1647 Spirantes
571 1599 693 1632 terrae
713 1599 941 1633 vescuntur
959 1589 1157 1648 frugibus
1176 1589 1312 1642 almae,

337 1665 398 1706 Et
417 1679 529 1706 nunc
549 1672 695 1722 sponte
716 1679 792 1706 sua
810 1672 1029 1706 consumto
1047 1664 1196 1706 robore
1215 1666 1408 1721 torpent?

617 1749 687 1793 53.
710 1737 954 1779 Menoender
979 1724 1396 1794 Gomprandenti'bm.

396 1810 480 1852 Res
499 1825 574 1867 per
595 1825 637 1852 se
656 1809 802 1852 infelix
821 1818 949 1867 atque
969 1809 1166 1852 aerumnis
1184 1809 1320 1852 obsita

339 1883 436 1926 Vita
455 1892 518 1926 est
536 1884 735 1936 humana,
755 1892 798 1926 et
815 1883 946 1926 densa
963 1898 1162 1926 curarum
1182 1899 1309 1941 seges.

786 1969 857 2013 54.
879 1957 995 1999 Idem
1015 1957 1225 1999 Fidicina.

397 2031 486 2072 Res
505 2038 603 2073 sunt
621 2025 810 2088 cognatae
832 2030 918 2074 vita
936 2038 979 2073 et
997 2029 1303 2074 anxietudines.

840 2115 910 2160 55.
939 2104 1173 2161 Theognis,

341 2176 612 2233 Respondere
630 2177 848 2219 hominum
867 2191 953 2219 non
972 2186 1149 2234 possunt
1167 2177 1308 2221 omnia
1326 2178 1457 2222 votis:

402 2252 540 2308 Supra
557 2252 752 2295 mortales
770 2253 850 2295 hoc
869 2252 1056 2295 habuere
1076 2252 1171 2295 Dei.

826 2325 899 2382 56.
920 2326 1198 2383 Anfiqahaaoes.

401 2396 645 2437 Humanam
664 2396 792 2438 vitam
813 2396 1060 2439 criminandi
1080 2397 1254 2450 occasio,

341 2468 505 2521 Amice,
525 2469 660 2512 multa
679 2478 755 2512 est.
805 2471 1003 2527 Namque
1022 2470 1224 2513 eximium
1243 2470 1302 2513 nil
1321 2471 1461 2524 habet,

344 2545 440 2586 Aut
452 2543 550 2601 jure
570 2543 687 2600 quod
706 2543 934 2586 venereris:
967 2543 1041 2586 sed
1060 2543 1178 2586 fluxa
1196 2543 1349 2596 omnia,

346 2615 532 2668 Caduca,
554 2615 812 2673 temporalia,
832 2617 1115 2660 anxietatibus

346 2688 561 2732 Permixta
579 2688 734 2731 multis.

828 2776 898 2820 57.
920 2765 1194 2823 Posidippus.

347 2834 472 2884 Quod
492 2834 588 2877 vitae
608 2844 812 2878 sectemur
831 2836 941 2879 iter?
971 2838 1063 2880 fora
1081 2837 1205 2895 plena
1224 2837 1406 2881 molestis
