<?xml version="1.0" encoding="UTF-8"?>
<!DOCTYPE html PUBLIC "-//W3C//DTD XHTML 1.0 Transitional//EN"
    "http://www.w3.org/TR/xhtml1/DTD/xhtml1-transitional.dtd">
<html xmlns="http://www.w3.org/1999/xhtml" xml:lang="en" lang="en">
 <head>
  <title>
</title>
<meta http-equiv="Content-Type" content="text/html;charset=utf-8" />
  <meta name='ocr-system' content='tesseract 3.04.00' />
  <meta name='ocr-capabilities' content='ocr_page ocr_carea ocr_par ocr_line ocrx_word'/>
</head>
<body>
  <div class='ocr_page' id='page_1' title='image "./iannoustovaiouan04stovuoft_0266.png"; bbox 0 0 1780 3178; ppageno 0'>
   <div class='ocr_carea' id='block_1_1' title="bbox 352 289 1288 349">
    <p class='ocr_par' dir='ltr' id='par_1_1' title="bbox 352 289 1288 349">
     <span class='ocr_line' id='line_1_1' title="bbox 352 289 1288 349; baseline -0.003 -14"><span class='ocrx_word' id='word_1_1' title='bbox 352 291 434 349; x_wconf 82' lang='lat'>258</span> <span class='ocrx_word' id='word_1_2' title='bbox 746 289 1009 332; x_wconf 91' lang='lat' dir='ltr'>IOANNIS</span> <span class='ocrx_word' id='word_1_3' title='bbox 1041 289 1288 333; x_wconf 85' lang='lat' dir='ltr'>STOBAEI</span> 
     </span>
    </p>
   </div>
   <div class='ocr_carea' id='block_1_2' title="bbox 352 403 1599 2892">
    <p class='ocr_par' dir='ltr' id='par_1_2' title="bbox 352 403 1577 605">
     <span class='ocr_line' id='line_1_2' title="bbox 353 403 1408 463; baseline -0.001 -15"><span class='ocrx_word' id='word_1_4' title='bbox 353 406 439 449; x_wconf 85' lang='lat' dir='ltr'>Sed</span> <span class='ocrx_word' id='word_1_5' title='bbox 457 406 568 448; x_wconf 85' lang='lat' dir='ltr'>mala</span> <span class='ocrx_word' id='word_1_6' title='bbox 586 404 826 463; x_wconf 88' lang='lat' dir='ltr'>propinqua</span> <span class='ocrx_word' id='word_1_7' title='bbox 846 414 944 447; x_wconf 91' lang='lat' dir='ltr'>sunt</span> <span class='ocrx_word' id='word_1_8' title='bbox 962 404 1084 446; x_wconf 89' lang='lat' dir='ltr'>bonis</span> <span class='ocrx_word' id='word_1_9' title='bbox 1102 412 1231 462; x_wconf 84' lang='lat' dir='ltr'>atque</span> <span class='ocrx_word' id='word_1_10' title='bbox 1251 403 1408 447; x_wconf 82' lang='lat' dir='ltr'>adsita:</span> 
     </span>
     <span class='ocr_line' id='line_1_3' title="bbox 352 478 1386 539; baseline -0.003 -15"><span class='ocrx_word' id='word_1_11' title='bbox 352 482 519 524; x_wconf 87' lang='lat' dir='ltr'>Natura</span> <span class='ocrx_word' id='word_1_12' title='bbox 534 497 590 524; x_wconf 88' lang='lat' dir='ltr'>ex</span> <span class='ocrx_word' id='word_1_13' title='bbox 611 481 711 539; x_wconf 88' lang='lat' dir='ltr'>ipsis</span> <span class='ocrx_word' id='word_1_14' title='bbox 729 481 842 524; x_wconf 84' lang='lat' dir='ltr'>bona</span> <span class='ocrx_word' id='word_1_15' title='bbox 861 479 967 538; x_wconf 90' lang='lat' dir='ltr'>quin</span> <span class='ocrx_word' id='word_1_16' title='bbox 986 489 1238 537; x_wconf 80' lang='lat' dir='ltr'>progenerat</span> <span class='ocrx_word' id='word_1_17' title='bbox 1256 478 1386 522; x_wconf 81' lang='lat' dir='ltr'>malis.</span> 
     </span>
     <span class='ocr_line' id='line_1_4' title="bbox 840 551 1577 605; baseline -0.005 -9"><span class='ocrx_word' id='word_1_18' title='bbox 840 564 906 605; x_wconf 84' lang='lat'>24.</span> <span class='ocrx_word' id='word_1_19' title='bbox 929 551 1215 594; x_wconf 70' lang='lat' dir='ltr'>Archilochus.</span> <span class='ocrx_word' id='word_1_20' title='bbox 1575 584 1577 588; x_wconf 64' lang='grc'>,</span> 
     </span>
    </p>

    <p class='ocr_par' dir='ltr' id='par_1_3' title="bbox 352 625 1599 906">
     <span class='ocr_line' id='line_1_5' title="bbox 410 625 1599 685; baseline 0.001 -16"><span class='ocrx_word' id='word_1_21' title='bbox 410 627 625 684; x_wconf 81' lang='lat' dir='ltr'><strong>Quicquid</strong></span> <span class='ocrx_word' id='word_1_22' title='bbox 644 635 707 669; x_wconf 87' lang='lat' dir='ltr'>est</span> <span class='ocrx_word' id='word_1_23' title='bbox 726 626 915 668; x_wconf 82' lang='lat' dir='ltr'>adscribe</span> <span class='ocrx_word' id='word_1_24' title='bbox 935 625 1083 668; x_wconf 88' lang='lat' dir='ltr'>Divis:</span> <span class='ocrx_word' id='word_1_25' title='bbox 1115 641 1226 684; x_wconf 87' lang='lat' dir='ltr'>saepe</span> <span class='ocrx_word' id='word_1_26' title='bbox 1244 625 1322 684; x_wconf 83' lang='lat' dir='ltr'>qui</span> <span class='ocrx_word' id='word_1_27' title='bbox 1339 625 1461 685; x_wconf 79' lang='lat' dir='ltr'>lapsu</span> <span class='ocrx_word' id='word_1_28' title='bbox 1480 626 1599 685; x_wconf 78' lang='lat' dir='ltr'>gravi</span> 
     </span>
     <span class='ocr_line' id='line_1_6' title="bbox 352 699 1385 759; baseline -0.003 -15"><span class='ocrx_word' id='word_1_29' title='bbox 352 702 539 759; x_wconf 88' lang='lat' dir='ltr'>Erigunt</span> <span class='ocrx_word' id='word_1_30' title='bbox 557 716 736 759; x_wconf 86' lang='lat' dir='ltr'>pressos,</span> <span class='ocrx_word' id='word_1_31' title='bbox 757 710 800 744; x_wconf 91' lang='lat' dir='ltr'>et</span> <span class='ocrx_word' id='word_1_32' title='bbox 819 708 912 743; x_wconf 84' lang='lat' dir='ltr'>atro</span> <span class='ocrx_word' id='word_1_33' title='bbox 933 699 1195 742; x_wconf 81' lang='lat' dir='ltr'>sordidatum</span> <span class='ocrx_word' id='word_1_34' title='bbox 1210 699 1385 757; x_wconf 89' lang='lat' dir='ltr'>pulvere</span> 
     </span>
     <span class='ocr_line' id='line_1_7' title="bbox 354 774 1487 833; baseline -0.001 -15"><span class='ocrx_word' id='word_1_35' title='bbox 354 777 477 832; x_wconf 86' lang='lat' dir='ltr'>Saepe</span> <span class='ocrx_word' id='word_1_36' title='bbox 496 775 741 833; x_wconf 84' lang='lat' dir='ltr'><strong>resupinant</strong></span> <span class='ocrx_word' id='word_1_37' title='bbox 760 782 982 832; x_wconf 83' lang='lat' dir='ltr'>putantem</span> <span class='ocrx_word' id='word_1_38' title='bbox 1002 782 1112 816; x_wconf 81' lang='lat' dir='ltr'>stare</span> <span class='ocrx_word' id='word_1_39' title='bbox 1131 790 1175 816; x_wconf 87' lang='lat' dir='ltr'>se</span> <span class='ocrx_word' id='word_1_40' title='bbox 1194 774 1316 816; x_wconf 87' lang='lat' dir='ltr'>firmo</span> <span class='ocrx_word' id='word_1_41' title='bbox 1334 774 1487 832; x_wconf 79' lang='lat' dir='ltr'>gradu,</span> 
     </span>
     <span class='ocr_line' id='line_1_8' title="bbox 354 847 1389 906; baseline 0 -16"><span class='ocrx_word' id='word_1_42' title='bbox 354 848 483 891; x_wconf 90' lang='lat' dir='ltr'>Unde</span> <span class='ocrx_word' id='word_1_43' title='bbox 503 848 633 890; x_wconf 81' lang='lat' dir='ltr'>densa</span> <span class='ocrx_word' id='word_1_44' title='bbox 652 864 695 890; x_wconf 92' lang='lat' dir='ltr'>se</span> <span class='ocrx_word' id='word_1_45' title='bbox 715 847 922 891; x_wconf 77' lang='lat' dir='ltr'>malorum</span> <span class='ocrx_word' id='word_1_46' title='bbox 941 847 1163 906; x_wconf 88' lang='lat' dir='ltr'>proferunt</span> <span class='ocrx_word' id='word_1_47' title='bbox 1183 848 1389 901; x_wconf 84' lang='lat' dir='ltr'>examina,</span> 
     </span>
    </p>

    <p class='ocr_par' dir='ltr' id='par_1_4' title="bbox 356 919 1387 1051">
     <span class='ocr_line' id='line_1_9' title="bbox 356 919 1387 979; baseline -0.001 -15"><span class='ocrx_word' id='word_1_48' title='bbox 356 923 417 964; x_wconf 87' lang='lat' dir='ltr'>Et</span> <span class='ocrx_word' id='word_1_49' title='bbox 436 921 560 964; x_wconf 90' lang='lat' dir='ltr'>miser</span> <span class='ocrx_word' id='word_1_50' title='bbox 578 921 746 979; x_wconf 86' lang='lat' dir='ltr'>palatur</span> <span class='ocrx_word' id='word_1_51' title='bbox 765 921 893 965; x_wconf 85' lang='lat' dir='ltr'>orbus</span> <span class='ocrx_word' id='word_1_52' title='bbox 912 919 1073 972; x_wconf 74' lang='lat' dir='ltr'>consili,</span> <span class='ocrx_word' id='word_1_53' title='bbox 1094 920 1231 963; x_wconf 87' lang='lat' dir='ltr'>vietus</span> <span class='ocrx_word' id='word_1_54' title='bbox 1249 937 1387 979; x_wconf 89' lang='lat' dir='ltr'>egens.</span> 
     </span>
     <span class='ocr_line' id='line_1_10' title="bbox 849 994 1205 1051; baseline -0.006 -13"><span class='ocrx_word' id='word_1_55' title='bbox 849 1003 916 1051; x_wconf 84' lang='lat'>25.</span> <span class='ocrx_word' id='word_1_56' title='bbox 944 994 1205 1038; x_wconf 75' lang='lat' dir='ltr'><em>Theodectes.</em></span> 
     </span>
    </p>

    <p class='ocr_par' dir='ltr' id='par_1_5' title="bbox 354 1064 1267 1197">
     <span class='ocr_line' id='line_1_11' title="bbox 413 1064 1267 1127; baseline 0.002 -17"><span class='ocrx_word' id='word_1_57' title='bbox 413 1067 526 1110; x_wconf 91' lang='lat' dir='ltr'>Olim</span> <span class='ocrx_word' id='word_1_58' title='bbox 546 1067 731 1120; x_wconf 87' lang='lat' dir='ltr'>celebris,</span> <span class='ocrx_word' id='word_1_59' title='bbox 753 1085 780 1111; x_wconf 97' lang='lat' dir='ltr'>o</span> <span class='ocrx_word' id='word_1_60' title='bbox 799 1064 939 1120; x_wconf 53' lang='lat' dir='ltr'>sentiit,</span> <span class='ocrx_word' id='word_1_61' title='bbox 960 1084 1037 1127; x_wconf 88' lang='lat' dir='ltr'>per</span> <span class='ocrx_word' id='word_1_62' title='bbox 1058 1069 1267 1112; x_wconf 69' lang='lat' dir='ltr'>Graeciam</span> 
     </span>
     <span class='ocr_line' id='line_1_12' title="bbox 354 1139 1243 1197; baseline 0.001 -16"><span class='ocrx_word' id='word_1_63' title='bbox 354 1140 461 1197; x_wconf 85' lang='lat' dir='ltr'>Ipsis</span> <span class='ocrx_word' id='word_1_64' title='bbox 476 1140 657 1197; x_wconf 81' lang='lat' dir='ltr'>probata</span> <span class='ocrx_word' id='word_1_65' title='bbox 675 1140 802 1183; x_wconf 89' lang='lat' dir='ltr'>rebus</span> <span class='ocrx_word' id='word_1_66' title='bbox 822 1140 912 1182; x_wconf 86' lang='lat' dir='ltr'><strong><em>haec</em></strong></span> <span class='ocrx_word' id='word_1_67' title='bbox 933 1139 1138 1182; x_wconf 84' lang='lat' dir='ltr'>sententia</span> <span class='ocrx_word' id='word_1_68' title='bbox 1158 1149 1243 1183; x_wconf 84' lang='lat' dir='ltr'>est:</span> 
     </span>
    </p>

    <p class='ocr_par' dir='ltr' id='par_1_6' title="bbox 357 1213 1290 1343">
     <span class='ocr_line' id='line_1_13' title="bbox 357 1213 1256 1256; baseline 0 -1"><span class='ocrx_word' id='word_1_69' title='bbox 357 1214 526 1255; x_wconf 86' lang='lat' dir='ltr'>Incerta</span> <span class='ocrx_word' id='word_1_70' title='bbox 543 1213 784 1255; x_wconf 90' lang='lat' dir='ltr'>hominibus</span> <span class='ocrx_word' id='word_1_71' title='bbox 803 1222 891 1255; x_wconf 85' lang='lat' dir='ltr'>esse</span> <span class='ocrx_word' id='word_1_72' title='bbox 912 1213 1111 1256; x_wconf 89' lang='lat' dir='ltr'>Fortunae</span> <span class='ocrx_word' id='word_1_73' title='bbox 1129 1213 1256 1255; x_wconf 87' lang='lat' dir='ltr'>bona.</span> 
     </span>
     <span class='ocr_line' id='line_1_14' title="bbox 770 1286 1290 1343; baseline -0.006 -13"><span class='ocrx_word' id='word_1_74' title='bbox 770 1288 836 1330; x_wconf 82' lang='lat'>26.</span> <span class='ocrx_word' id='word_1_75' title='bbox 852 1286 1091 1343; x_wconf 74' lang='lat' dir='ltr'>Euripides·</span> <span class='ocrx_word' id='word_1_76' title='bbox 1116 1287 1290 1329; x_wconf 67' lang='lat' dir='ltr'>Cressis.</span> 
     </span>
    </p>

    <p class='ocr_par' dir='ltr' id='par_1_7' title="bbox 418 1360 1270 1418">
     <span class='ocr_line' id='line_1_15' title="bbox 418 1360 1270 1418; baseline 0.001 -15"><span class='ocrx_word' id='word_1_77' title='bbox 418 1363 484 1403; x_wconf 89' lang='lat' dir='ltr'>Ne</span> <span class='ocrx_word' id='word_1_78' title='bbox 504 1361 578 1418; x_wconf 86' lang='lat' dir='ltr'>qui</span> <span class='ocrx_word' id='word_1_79' title='bbox 600 1361 768 1403; x_wconf 87' lang='lat' dir='ltr'>videtur</span> <span class='ocrx_word' id='word_1_80' title='bbox 786 1361 901 1403; x_wconf 87' lang='lat' dir='ltr'>hunc</span> <span class='ocrx_word' id='word_1_81' title='bbox 919 1361 1092 1403; x_wconf 84' lang='lat' dir='ltr'>beatum</span> <span class='ocrx_word' id='word_1_82' title='bbox 1113 1360 1270 1404; x_wconf 86' lang='lat' dir='ltr'>dixeris</span> 
     </span>
    </p>

    <p class='ocr_par' dir='ltr' id='par_1_8' title="bbox 359 1435 1395 1563">
     <span class='ocr_line' id='line_1_16' title="bbox 359 1435 1395 1493; baseline -0.001 -15"><span class='ocrx_word' id='word_1_83' title='bbox 359 1436 457 1478; x_wconf 81' lang='lat' dir='ltr'>Fati</span> <span class='ocrx_word' id='word_1_84' title='bbox 476 1444 573 1478; x_wconf 85' lang='lat' dir='ltr'>ante</span> <span class='ocrx_word' id='word_1_85' title='bbox 593 1444 770 1493; x_wconf 87' lang='lat' dir='ltr'>tempus.</span> <span class='ocrx_word' id='word_1_86' title='bbox 823 1436 936 1478; x_wconf 84' lang='lat' dir='ltr'>Nam</span> <span class='ocrx_word' id='word_1_87' title='bbox 956 1435 1084 1478; x_wconf 87' lang='lat' dir='ltr'>datur</span> <span class='ocrx_word' id='word_1_88' title='bbox 1102 1435 1190 1478; x_wconf 86' lang='lat' dir='ltr'>fors</span> <span class='ocrx_word' id='word_1_89' title='bbox 1209 1435 1253 1478; x_wconf 91' lang='lat' dir='ltr'>in</span> <span class='ocrx_word' id='word_1_90' title='bbox 1273 1435 1395 1478; x_wconf 86' lang='lat' dir='ltr'>diem.</span> 
     </span>
     <span class='ocr_line' id='line_1_17' title="bbox 907 1509 1151 1563; baseline -0.008 -10"><span class='ocrx_word' id='word_1_91' title='bbox 907 1521 973 1563; x_wconf 84' lang='lat'>27.</span> <span class='ocrx_word' id='word_1_92' title='bbox 992 1509 1151 1552; x_wconf 75' lang='lat' dir='ltr'>Alexis.</span> 
     </span>
    </p>

    <p class='ocr_par' dir='ltr' id='par_1_9' title="bbox 364 1582 1294 1706">
     <span class='ocr_line' id='line_1_18' title="bbox 417 1582 1294 1639; baseline 0.002 -16"><span class='ocrx_word' id='word_1_93' title='bbox 417 1583 581 1639; x_wconf 92' lang='lat' dir='ltr'>Nempe</span> <span class='ocrx_word' id='word_1_94' title='bbox 602 1590 650 1624; x_wconf 90' lang='lat' dir='ltr'>ut</span> <span class='ocrx_word' id='word_1_95' title='bbox 669 1582 837 1624; x_wconf 89' lang='lat' dir='ltr'>videtur</span> <span class='ocrx_word' id='word_1_96' title='bbox 856 1582 981 1625; x_wconf 86' lang='lat' dir='ltr'>etiam</span> <span class='ocrx_word' id='word_1_97' title='bbox 1001 1582 1164 1625; x_wconf 84' lang='lat' dir='ltr'>felicem</span> <span class='ocrx_word' id='word_1_98' title='bbox 1183 1582 1294 1625; x_wconf 87' lang='lat' dir='ltr'>vices</span> 
     </span>
     <span class='ocr_line' id='line_1_19' title="bbox 364 1655 1217 1706; baseline 0.001 -9"><span class='ocrx_word' id='word_1_99' title='bbox 364 1657 448 1697; x_wconf 86' lang='lat' dir='ltr'>Par</span> <span class='ocrx_word' id='word_1_100' title='bbox 468 1663 530 1697; x_wconf 87' lang='lat' dir='ltr'>est</span> <span class='ocrx_word' id='word_1_101' title='bbox 549 1655 696 1706; x_wconf 87' lang='lat' dir='ltr'>vereri,</span> <span class='ocrx_word' id='word_1_102' title='bbox 718 1670 794 1697; x_wconf 85' lang='lat' dir='ltr'>nec</span> <span class='ocrx_word' id='word_1_103' title='bbox 814 1656 1018 1698; x_wconf 85' lang='lat' dir='ltr'>Fortunae</span> <span class='ocrx_word' id='word_1_104' title='bbox 1036 1656 1217 1699; x_wconf 85' lang='lat' dir='ltr'>credere.</span> 
     </span>
    </p>

    <p class='ocr_par' dir='ltr' id='par_1_10' title="bbox 749 1730 1320 1788">
     <span class='ocr_line' id='line_1_20' title="bbox 749 1730 1320 1788; baseline -0.004 -14"><span class='ocrx_word' id='word_1_105' title='bbox 749 1730 815 1774; x_wconf 82' lang='lat'>28.</span> <span class='ocrx_word' id='word_1_106' title='bbox 837 1730 1082 1772; x_wconf 75' lang='lat' dir='ltr'>Menander</span> <span class='ocrx_word' id='word_1_107' title='bbox 1099 1730 1320 1788; x_wconf 72' lang='lat' dir='ltr'><strong><em>Agricola.</em></strong></span> 
     </span>
    </p>

    <p class='ocr_par' dir='ltr' id='par_1_11' title="bbox 359 1802 1375 2010">
     <span class='ocr_line' id='line_1_21' title="bbox 419 1802 1375 1861; baseline 0.002 -17"><span class='ocrx_word' id='word_1_108' title='bbox 419 1802 537 1844; x_wconf 84' lang='lat' dir='ltr'>Male</span> <span class='ocrx_word' id='word_1_109' title='bbox 555 1802 730 1845; x_wconf 88' lang='lat' dir='ltr'>feriatus</span> <span class='ocrx_word' id='word_1_110' title='bbox 749 1803 802 1845; x_wconf 90' lang='lat' dir='ltr'>sit</span> <span class='ocrx_word' id='word_1_111' title='bbox 820 1819 985 1846; x_wconf 86' lang='lat' dir='ltr'>necesse</span> <span class='ocrx_word' id='word_1_112' title='bbox 1004 1812 1081 1856; x_wconf 90' lang='lat' dir='ltr'>est,</span> <span class='ocrx_word' id='word_1_113' title='bbox 1102 1803 1294 1861; x_wconf 90' lang='lat' dir='ltr'>quisquis</span> <span class='ocrx_word' id='word_1_114' title='bbox 1312 1813 1375 1846; x_wconf 89' lang='lat' dir='ltr'>est</span> 
     </span>
     <span class='ocr_line' id='line_1_22' title="bbox 360 1877 1349 1936; baseline 0.002 -18"><span class='ocrx_word' id='word_1_115' title='bbox 360 1877 445 1929; x_wconf 84' lang='lat' dir='ltr'>Qui</span> <span class='ocrx_word' id='word_1_116' title='bbox 465 1886 645 1919; x_wconf 86' lang='lat' dir='ltr'>vestram</span> <span class='ocrx_word' id='word_1_117' title='bbox 665 1878 748 1920; x_wconf 79' lang='lat' dir='ltr'>fuit</span> <span class='ocrx_word' id='word_1_118' title='bbox 768 1877 811 1920; x_wconf 90' lang='lat' dir='ltr'>in</span> <span class='ocrx_word' id='word_1_119' title='bbox 831 1886 1125 1936; x_wconf 78' lang='lat' dir='ltr'>paupertatem</span> <span class='ocrx_word' id='word_1_120' title='bbox 1144 1878 1349 1936; x_wconf 85' lang='lat' dir='ltr'>injurius:</span> 
     </span>
     <span class='ocr_line' id='line_1_23' title="bbox 359 1951 1350 2010; baseline 0.003 -18"><span class='ocrx_word' id='word_1_121' title='bbox 359 1952 563 1994; x_wconf 85' lang='lat' dir='ltr'>Fortunae</span> <span class='ocrx_word' id='word_1_122' title='bbox 583 1951 787 1995; x_wconf 83' lang='lat' dir='ltr'>insultans</span> <span class='ocrx_word' id='word_1_123' title='bbox 805 1953 886 2010; x_wconf 88' lang='lat' dir='ltr'>ipsi</span> <span class='ocrx_word' id='word_1_124' title='bbox 904 1969 1002 2010; x_wconf 88' lang='lat' dir='ltr'>quae</span> <span class='ocrx_word' id='word_1_125' title='bbox 1020 1953 1130 1996; x_wconf 86' lang='lat' dir='ltr'>forte</span> <span class='ocrx_word' id='word_1_126' title='bbox 1149 1953 1350 1996; x_wconf 60' lang='lat' dir='ltr'>imminet-</span> 
     </span>
    </p>

    <p class='ocr_par' dir='ltr' id='par_1_12' title="bbox 359 2026 1394 2230">
     <span class='ocr_line' id='line_1_24' title="bbox 359 2026 1394 2084; baseline 0.002 -17"><span class='ocrx_word' id='word_1_127' title='bbox 359 2027 472 2067; x_wconf 89' lang='lat' dir='ltr'>Nam</span> <span class='ocrx_word' id='word_1_128' title='bbox 491 2026 684 2083; x_wconf 87' lang='lat' dir='ltr'>quamvis</span> <span class='ocrx_word' id='word_1_129' title='bbox 701 2027 893 2084; x_wconf 85' lang='lat' dir='ltr'>opulens,</span> <span class='ocrx_word' id='word_1_130' title='bbox 914 2027 1041 2070; x_wconf 87' lang='lat' dir='ltr'>rebus</span> <span class='ocrx_word' id='word_1_131' title='bbox 1060 2027 1228 2070; x_wconf 86' lang='lat' dir='ltr'>incertis</span> <span class='ocrx_word' id='word_1_132' title='bbox 1247 2036 1394 2071; x_wconf 88' lang='lat' dir='ltr'>tumet.</span> 
     </span>
     <span class='ocr_line' id='line_1_25' title="bbox 359 2099 1298 2159; baseline 0.003 -19"><span class='ocrx_word' id='word_1_133' title='bbox 359 2100 536 2141; x_wconf 85' lang='lat' dir='ltr'>Fretum</span> <span class='ocrx_word' id='word_1_134' title='bbox 555 2099 740 2143; x_wconf 86' lang='lat' dir='ltr'>fortunae</span> <span class='ocrx_word' id='word_1_135' title='bbox 761 2101 994 2159; x_wconf 86' lang='lat' dir='ltr'>reciprocos</span> <span class='ocrx_word' id='word_1_136' title='bbox 1013 2110 1140 2145; x_wconf 84' lang='lat' dir='ltr'>aestus</span> <span class='ocrx_word' id='word_1_137' title='bbox 1159 2102 1298 2145; x_wconf 81' lang='lat' dir='ltr'>habet.</span> 
     </span>
     <span class='ocr_line' id='line_1_26' title="bbox 837 2175 1221 2230; baseline 0 -12"><span class='ocrx_word' id='word_1_138' title='bbox 837 2187 904 2230; x_wconf 84' lang='lat'>29.</span> <span class='ocrx_word' id='word_1_139' title='bbox 928 2175 1221 2219; x_wconf 75' lang='lat' dir='ltr'>Clitomachus.</span> 
     </span>
    </p>

    <p class='ocr_par' dir='ltr' id='par_1_13' title="bbox 358 2246 1274 2528">
     <span class='ocr_line' id='line_1_27' title="bbox 418 2246 1257 2306; baseline 0.005 -18"><span class='ocrx_word' id='word_1_140' title='bbox 418 2246 611 2289; x_wconf 83' lang='lat' dir='ltr'>Fortuna</span> <span class='ocrx_word' id='word_1_141' title='bbox 628 2246 780 2290; x_wconf 85' lang='lat' dir='ltr'>reflans</span> <span class='ocrx_word' id='word_1_142' title='bbox 799 2248 998 2306; x_wconf 86' lang='lat' dir='ltr'>prospere</span> <span class='ocrx_word' id='word_1_143' title='bbox 1017 2248 1257 2292; x_wconf 86' lang='lat' dir='ltr'>viventibus</span> 
     </span>
     <span class='ocr_line' id='line_1_28' title="bbox 359 2321 1274 2381; baseline 0.004 -19"><span class='ocrx_word' id='word_1_144' title='bbox 359 2321 598 2364; x_wconf 85' lang='lat' dir='ltr'>Conturbat</span> <span class='ocrx_word' id='word_1_145' title='bbox 616 2321 871 2380; x_wconf 79' lang='lat' dir='ltr'>afflictatque</span> <span class='ocrx_word' id='word_1_146' title='bbox 890 2322 1113 2381; x_wconf 80' lang='lat' dir='ltr'>naufragio</span> <span class='ocrx_word' id='word_1_147' title='bbox 1132 2324 1274 2366; x_wconf 80' lang='lat' dir='ltr'>omnia</span> 
     </span>
     <span class='ocr_line' id='line_1_29' title="bbox 358 2394 1220 2451; baseline 0.005 -16"><span class='ocrx_word' id='word_1_148' title='bbox 358 2394 634 2451; x_wconf 74' lang='lat' dir='ltr'>Quaecunque</span> <span class='ocrx_word' id='word_1_149' title='bbox 654 2396 753 2438; x_wconf 88' lang='lat' dir='ltr'>vitae</span> <span class='ocrx_word' id='word_1_150' title='bbox 771 2396 1017 2439; x_wconf 76' lang='lat' dir='ltr'>condiendae</span> <span class='ocrx_word' id='word_1_151' title='bbox 1037 2397 1220 2440; x_wconf 84' lang='lat' dir='ltr'>suaviter</span> 
     </span>
     <span class='ocr_line' id='line_1_30' title="bbox 360 2468 1148 2528; baseline 0.005 -19"><span class='ocrx_word' id='word_1_152' title='bbox 360 2468 554 2510; x_wconf 88' lang='lat' dir='ltr'>Prudens</span> <span class='ocrx_word' id='word_1_153' title='bbox 575 2478 785 2526; x_wconf 87' lang='lat' dir='ltr'>repererat</span> <span class='ocrx_word' id='word_1_154' title='bbox 803 2469 946 2528; x_wconf 66' lang='lat' dir='ltr'>ingeni</span> <span class='ocrx_word' id='word_1_155' title='bbox 967 2469 1148 2513; x_wconf 81' lang='lat' dir='ltr'>solertia.</span> 
     </span>
    </p>

    <p class='ocr_par' dir='ltr' id='par_1_14' title="bbox 832 2543 1242 2599">
     <span class='ocr_line' id='line_1_31' title="bbox 832 2543 1242 2599; baseline 0 -14"><span class='ocrx_word' id='word_1_156' title='bbox 832 2556 903 2599; x_wconf 83' lang='lat'>30.</span> <span class='ocrx_word' id='word_1_157' title='bbox 926 2543 1067 2586; x_wconf 74' lang='lat' dir='ltr'><strong><em>Batho</em></strong></span> <span class='ocrx_word' id='word_1_158' title='bbox 1086 2544 1242 2586; x_wconf 80' lang='lat' dir='ltr'><strong><em>AEtolo.</em></strong></span> 
     </span>
    </p>

    <p class='ocr_par' dir='ltr' id='par_1_15' title="bbox 358 2614 1522 2747">
     <span class='ocr_line' id='line_1_32' title="bbox 416 2614 1522 2674; baseline 0.002 -16"><span class='ocrx_word' id='word_1_159' title='bbox 416 2617 562 2658; x_wconf 92' lang='lat' dir='ltr'>Homo</span> <span class='ocrx_word' id='word_1_160' title='bbox 581 2631 648 2658; x_wconf 84' lang='lat' dir='ltr'>es:</span> <span class='ocrx_word' id='word_1_161' title='bbox 681 2615 853 2659; x_wconf 83' lang='lat' dir='ltr'>labasti:</span> <span class='ocrx_word' id='word_1_162' title='bbox 886 2631 1038 2674; x_wconf 89' lang='lat' dir='ltr'>nempe</span> <span class='ocrx_word' id='word_1_163' title='bbox 1057 2617 1102 2660; x_wconf 90' lang='lat' dir='ltr'>in</span> <span class='ocrx_word' id='word_1_164' title='bbox 1121 2617 1208 2660; x_wconf 79' lang='lat' dir='ltr'>vita</span> <span class='ocrx_word' id='word_1_165' title='bbox 1226 2616 1271 2659; x_wconf 86' lang='lat' dir='ltr'>id</span> <span class='ocrx_word' id='word_1_166' title='bbox 1291 2614 1522 2660; x_wconf 85' lang='lat' dir='ltr'>maximum</span> 
     </span>
     <span class='ocr_line' id='line_1_33' title="bbox 358 2688 1311 2747; baseline 0.001 -17"><span class='ocrx_word' id='word_1_167' title='bbox 358 2689 607 2746; x_wconf 86' lang='lat' dir='ltr'>Prodigium</span> <span class='ocrx_word' id='word_1_168' title='bbox 627 2697 689 2731; x_wconf 85' lang='lat' dir='ltr'>est</span> <span class='ocrx_word' id='word_1_169' title='bbox 708 2688 795 2731; x_wconf 85' lang='lat' dir='ltr'>vita</span> <span class='ocrx_word' id='word_1_170' title='bbox 813 2705 1014 2747; x_wconf 84' lang='lat' dir='ltr'>prospera</span> <span class='ocrx_word' id='word_1_171' title='bbox 1031 2705 1194 2747; x_wconf 86' lang='lat' dir='ltr'>semper</span> <span class='ocrx_word' id='word_1_172' title='bbox 1213 2690 1311 2733; x_wconf 85' lang='lat' dir='ltr'>frui.</span> 
     </span>
    </p>

    <p class='ocr_par' dir='ltr' id='par_1_16' title="bbox 751 2763 1310 2820">
     <span class='ocr_line' id='line_1_34' title="bbox 751 2763 1310 2820; baseline 0.002 -17"><span class='ocrx_word' id='word_1_173' title='bbox 751 2775 820 2818; x_wconf 83' lang='lat'>31.</span> <span class='ocrx_word' id='word_1_174' title='bbox 842 2763 1080 2820; x_wconf 66' lang='lat' dir='ltr'>Empides</span> <span class='ocrx_word' id='word_1_175' title='bbox 1095 2763 1310 2806; x_wconf 75' lang='lat' dir='ltr'><strong><em>Archelao.</em></strong></span> 
     </span>
    </p>

    <p class='ocr_par' dir='ltr' id='par_1_17' title="bbox 418 2833 1387 2892">
     <span class='ocr_line' id='line_1_35' title="bbox 418 2833 1387 2892; baseline 0.003 -17"><span class='ocrx_word' id='word_1_176' title='bbox 418 2833 588 2876; x_wconf 87' lang='lat' dir='ltr'>Pridem</span> <span class='ocrx_word' id='word_1_177' title='bbox 607 2834 694 2891; x_wconf 88' lang='lat' dir='ltr'>ipse</span> <span class='ocrx_word' id='word_1_178' title='bbox 715 2850 881 2878; x_wconf 86' lang='lat' dir='ltr'>meeum</span> <span class='ocrx_word' id='word_1_179' title='bbox 901 2844 1043 2892; x_wconf 85' lang='lat' dir='ltr'>specto</span> <span class='ocrx_word' id='word_1_180' title='bbox 1063 2851 1128 2878; x_wconf 90' lang='lat' dir='ltr'>res</span> <span class='ocrx_word' id='word_1_181' title='bbox 1148 2835 1387 2878; x_wconf 73' lang='lat' dir='ltr'>mortalium</span> 
     </span>
    </p>
   </div>
  </div>
 </body>
</html>
