1780 3178
283 174 369 231 356
909 170 1129 213 INDEX

285 343 386 386 λάθα
405 342 586 400 Πιερίδων
598 344 677 394 -26,
691 356 728 384 1.

285 400 463 442 Λάκαινα
483 403 574 457 γυνὴ
596 409 639 454 7,
659 413 728 455 29.

286 458 569 511 Λακεδαιμόνιοι
591 467 632 511 7,
649 458 721 512 67.
745 474 748 479 “

286 515 425 556 Λάκων
447 524 603 570 72,15

285 572 479 643 Λτξμακος
498 581 571 627 54,
583 584 660 627 45

287 628 442 682 Λάμπις
464 641 534 685 29,
550 629 620 684 87.

286 686 452 742 λαμπροὶ
471 687 549 742 γὰρ
570 695 699 741 97‚5·

286 743 451 799 λαμπροῖ
468 744 530 783 δ”
517 759 552 784 εν
575 745 663 799 αἰχ.
684 750 758 797 45,
775 750 842 796 13.

285 805 469 857 λαμπρῶς
489 800 569 841 ἔνιοι
595 810 719 855 15,4.

285 858 414 905 Λᾶσος
435 869 586 912 29,70.

285 912 410 969 λέγεις
430 912 457 954 οἳ
476 915 512 955 δὲ
537 926 606 965 10,
619 914 662 955 6.

285 969 392 1026 λέγει
413 971 449 1011 δὲ
468 973 538 1019 τὰς
563 983 659 1022 100,
673 979 742 1025 25.

285 1026 392 1082 λέγει
412 1028 638 1083 Δημάρατος
659 1036 700 1081 7,
715 1028 788 1083 58.

215 1122 219 1128 .
286 1084 392 1140 λέγει
410 1101 479 1126 που
499 1088 516 1126 ὁ
541 1098 639 1140 109,
655 1098 722 1126 10.
786 1096 796 1106 ⁹

285 1140 443 1197 λέγεται
463 1142 500 1182 δὲ
519 1143 583 1183 καὶ
608 1155 704 1192 101,
717 1142 757 1182 8-
808 1150 813 1156 ’

286 1198 442 1269 λέγεται
463 1199 499 1239 δὲ
518 1199 613 1240 τοῦδ’
631 1211 705 1251 44,
717 1210 789 1252 47-
834 1210 838 1223 ’

286 1254 444 1310 λέγεται
463 1255 531 1310 μὲν
551 1255 640 1296 εἶναι
660 1256 734 1308 46,
744 1268 766 1309 7
773 1267 816 1310 7
862 1311 865 1314 ¹

286 1311 429 1367 λέγομε
431 1330 448 1352 ν
468 1311 583 1354 τοίνυν
600 1319 675 1368 43,
688 1324 786 1368 123·

287 1368 444 1425 λέγουσι
462 1368 499 1410 δέ
517 1386 610 1417 τινες
631 1382 701 1433 29,
717 1380 789 1424 77

286 1426 391 1482 λέγω
439 1429 519 1484 γὰρ
568 1427 607 1478 δὴ
656 1426 829 1482 31,18.
887 1438 975 1481 47,

346 1496 371 1527 2

287 1497 416 1612 λέγαέῗ
417 1540 454 1580 δὲ
473 1544 596 1581 ταῦτα
614 1552 687 1597 43,
702 1541 772 1594 64.

286 1596 333 1639 λέ
333 1614 392 1653 γω
413 1595 529 1639 τοίνυν
547 1607 620 1652 45,
629 1610 701 1653 31.

286 1653 464 1704 Λεωνίδης
484 1653 649 1702 ἀκούσας
673 1665 716 1709 7,
730 1657 803 1707 46.

286 1711 373 1762 λῆθη
395 1716 467 1752 τῶν
488 1710 583 1752 ἰδίων
602 1723 647 1764 4,
661 1722 731 1765 72.

287 1768 395 1820 λῆθην
413 1785 454 1809 τε
476 1767 539 1808 καὶ
562 1770 631 1819 26,
643 1781 688 1823 3.

287 1825 434 1875 ληίστοι
458 1839 476 1866 1
490 1825 556 1876 18,
575 1837 616 1868 2.

286 1884 407 1938 ληρεῖς
427 1884 461 1922 ἔν
482 1883 520 1922 οὐ
543 1883 615 1937 36,
625 1894 672 1980 58.

287 1939 390 1987 λιτὸς
409 1937 598 1994 γενόμενος
615 1939 688 1995 38,

287 1994 400 2050 λόγος
420 1995 488 2049 μὲν
507 1995 583 2036 ἔστ’
608 2005 704 2051 105,
702 1940 790 2051 638.

288 2051 411 2107 λόγων
431 2052 640 2108 ἀπορρήτων
657 2066 730 2105 41,
745 2066 787 2107 7.

286 2108 411 2164 λόγων
431 2109 468 2149 δὲ
490 2121 594 2162 κουφ.
621 2123 688 2164 19,
702 2120 743 2164 7.

287 2170 417 2218 λοιμοῦ
440 2165 702 2239 κατασχόντος
723 2176 765 2220 7,
774 2177 844 2221 70.

290 2223 412 2270 λοιπὸς
432 2220 514 2262 δὲ
489 2239 616 2279 αρχων
633 2236 705 2276 44,
713 2233 740 2278 5
743 2234 785 2279 5

287 2279 408 2320 Λυδία
427 2279 495 2331 μὲν
515 2283 592 2335 γὰρ
617 2290 664 2321 11
671 2292 740 2335 7.

288 2335 490 2391 Λυκόρμας
519 2349 611 2388 100,
629 2349 696 2392 15.

288 2394 503 2447 Λυκοῦργος
523 2402 597 2448 54.
609 2406 702 2448 59·v

287 2452 504 2504 Λυκοῦργος
523 2453 542 2490 ὀ
556 2467 637 2503 νομ.
658 2460 733 2505 37,
748 2463 817 2504 24.

287 2507 504 2561 Λυκοῦργος
523 2507 609 2562 πρὸς
629 2517 702 2562 35,
710 2521 751 2562 9.

287 2562 403 2603 λύπαι
423 2565 500 2618 γὰρ
521 2576 673 2618 99,10.

288 2621 400 2660 λυπεῖ
415 2636 464 2673 με
484 2621 554 2672 62,
568 2633 611 2693 5.

286 2674 383 2747 λέπη
403 2679 482 2747 7022?
501 2678 591 2731 ὀργὴ
613 2689 723 2732 9922

287 2731 383 2783 λύπη
403 2732 579 2786 μάλιστα
599 2746 670 2790 99,
690 2747 757 2790 15.

287 2788 384 2840 λύπη
405 2788 541 2842 μανίας
561 2803 632 2845 99,
649 2805 691 2847 9.
711 2803 780 2846 27.

287 2844 336 2886 λῦ
317 2863 382 2895 οπη
403 2846 470 2899 μὲν
493 2859 587 2901 109,
602 2855 644 2900 7.

251 2950 256 2954 ᾖ
288 2902 383 2952 λυπη
405 2919 448 2943 σε
469 2905 619 2958 μακρὰν
639 2917 683 2959 3,
693 2917 765 2961 39.

991 2078 993 2080 -
1056 2053 1238 2109 μέγιστον
1258 2053 1397 2125 ἀγαθὸν
1415 2054 1543 2109 37,8.

1058 284 1173 336 λύπην
1193 283 1327 326 ἀδέσπ.
1354 283 1452 335 108,
1467 284 1540 337 67.

1057 342 1215 397 λυπηρὸν
1235 342 1313 383 ἀνθ.
1336 353 1407 397 99,
1423 351 1498 396 32.

1058 397 1271 471 λυπουμένῳ
1295 410 1470 454 112,13.

1057 455 1287 511 Λυσίμαχος
1304 467 1358 510 47
1365 486 1378 507 2
1363 468 1457 553 1519

1056 571 1113 624 μοὶ
1131 571 1195 620 τὴν
1210 569 1426 641 Ἀφροδίτην
1445 570 1488 621 6,
1495 581 1569 624 30

1055 626 1260 680 μαινόμεθα
1277 627 1410 674 πάντες
1427 638 1548 679 20,4.
1687 639 1690 641 ’
1727 638 1743 645 *

1055 684 1243 748 μακάριος,
1259 693 1332 740 59,
1350 683 1417 725 18-
1458 684 1529 739 692
1544 692 1590 738 5·
1631 653 1760 774 751}-

1056 750 1414 869 μαιιιΞ-ρῇοέοστις
1381 810 1539 854 39,13.

1057 855 1242 926 μακάριος
1261 871 1362 903 οστις
1381 857 1461 896 οὗσ.
1484 846 1606 910 94,7.

1058 911 1282 966 μείλια-ταδ’
1305 910 1349 953 αν
1368 921 1439 966 97,
1454 924 1528 968 34.
1700 928 1702 931 ·
1723 916 1743 941 Ἄ

1057 969 1234 1023 μαλιστα
1254 969 1290 1009 δὲ
1311 968 1362 1010 νο’.
1364 981 1456 1024 ,,31
1473 982 1542 1011 11.
1741 997 1744 1002 .
1773 944 1780 1041 ἒ

1055 1026 1233 1080 μάλιστα
1233 1025 1517 1099 πςομελεισθαι
1534 1038 1578 1082 3,
1591 1037 1664 1082 93.
1726 1052 1742 1059 -’
1759 1026 1763 1030 ’

1057 1087 1206 1137 μᾶλλον
1225 1082 1325 1134 ἄξιον
1343 1084 1416 1136 46,
1430 1095 1500 1137 72.

1058 1144 1207 1194 μᾶλλον
1226 1141 1388 1192 εὐλαβοῦ
1407 1140 1560 1196 51,28.

1058 1201 1205 1252 μᾶλλον
1222 1197 1321 1254 τῆςει
1341 1210 1415 1250 41,
1433 1210 1500 1239 10.

1055 1254 1200 1309 μάρτυς
1221 1256 1248 1295 δ’
1269 1253 1434 1323 dgna-rof
1433 1256 1506 1307 46,
1515 1254 1586 1296 68.

1055 1327 1246 1385 μαστιγος
1266 1328 1372 1362 ουσης
1395 1322 1515 1367 27,7.

1055 1368 1177 1423 μάτην
1197 1367 1256 1426 ἄρ’
1277 1371 1308 1409 οἷ
1333 1382 1429 1424 119,
1447 1382 1486 1410 1.

1055 1425 1177 1495 μάτην
1198 1427 1233 1467 δὲ
1251 1426 1300 1467 θν.
1323 1435 1472 1480 77,11.

1057 1481 1164 1538 μέγα
1183 1485 1260 1539 γοὶρ
1280 1482 1419 1524 δυσ-ὤπ.
1443 1483 1515 1538 85,
1531 1494 1601 1526 12.
1623 1511 1627 1513 -

1057 1539 1165 1595 μέγα
1183 1540 1226 1581 τὸ
1243 1542 1280 1581 ἐν
1303 1540 1399 1592 108,
1410 1540 1481 1582 68.

1058 1597 1166 1669 μένει
1187 1602 1321 1653 φρονῶν
1338 1572 1411 1650 48³,
1427 1606 1500 1653 54-
1567 1607 1573 1609 ·

1058 1654 1218 1709 μεγάλα
1235 1656 1313 1711 ῪαΡ
1333 1670 1544 1709 πΡῃῪμαΤα
1564 1647 1688 1711 7233ss

1058 1714 1212 1766 μεγαλὴ
1228 1711 1391 1784 τυραννις
1411 1712 1520 1766 71,
1706 1722 1743 1742 ²

1058 1768 1231 1823 μεγαλην
1246 1767 1411 1809 παιδείαν
1436 1781 1504 1823 19,
1517 1743 1559 1810 8.

1058 1825 1311 1880 μεγαλόθυμοι
1335 1837 1404 1877 20,
1416 1826 1489 1878 48.
1743 1864 1758 1880 ,ι

1059 1882 1439 1938 μεγαλὸο-πλαγχνος
1461 1894 1531 1934 20,
1542 1894 1616 1938 30.
1735 1890 1758 1927 Ἀ

1058 1939 1334 2012 μεγαλοψυχίη
1360 1940 1459 1992 108,
1473 1939 1544 1995 69.

1057 1995 1222 2052 μεγίστη
1243 1997 1279 2037 δὲ
1299 1995 1406 2049 φιλία
1429 2009 1452 2040 2
1453 2009 1498 2052 5,
1514 2009 1559 2049 4.

1056 2110 1238 2165 μέγιστον
1258 2109 1316 2167 αρ’
1337 2108 1376 2161 ἦν
1397 2123 1467 2165 90,
1479 2111 1528 2152 6.

1056 2167 1238 2222 μέγιστόν
1257 2169 1357 2208 ἐστιν
1381 2179 1564 2223 11313
1713 2177 1742 2198 ἢ

1058 2224 1194 2277 μεθύων
1214 2223 1431 2279 κυβερνήτης
1456 2224 1522 2276 18,
1539 2237 1609 2280 29.
1713 2218 1742 2256 Ᾰ

1057 2279 1173 2335 μείζω
1190 2284 1241 2322 τοὶ
1263 2299 1303 2322 κ.
1328 2280 1424 2332 108,
1436 2293 1510 2338 33.
1730 2274 1745 2311 ί

1057 2337 1248 2409 μειράκιον
1268 2347 1341 2392 79,
1355 2350 1431 2393 39.
1726 2346 1738 2371 ἲ

1057 2411 1246 2463 μειρακιον
1266 2393 1309 2435 οὔ
1324 2411 1387 2448 μοι
1406 2395 1481 2451 38,
1501 2407 1572 2451 29.

1058 2450 1206 2505 μελέτω
1225 2468 1284 2492 σοι
1304 2464 1348 2506 5,
1363 2463 1435 2507 99.

1057 2507 1191 2562 μέλλει
1211 2507 1278 2561 μέν
1299 2525 1367 2549 που
1392 2520 1487 2561 124,
1499 2521 1544 2564 3.

1056 2564 1230 2619 μέλλοντ’
1257 2577 1355 2616 102,
1374 2577 1413 2607 2.

1056 2621 1220 2676 μέμνησο
1239 2620 1363 2674 μέντοι
1387 2632 1455 2676 17,
1470 2634 1487 2662 1
1499 2635 1536 2664 1.

1056 2677 1287 2732 μεμφομένης
1309 2678 1381 2733 76,
1399 2691 1468 2732 14·

1057 2734 1268 2789 Μενέδημος
1286 2745 1444 2791 5,123.

1054 2791 1228 2832 Μενέλαε
1246 2794 1297 2845 μὴ
1320 2802 1419 2847 125,
1437 2805 1500 2847 13.

1054 2848 1188 2890 Μένων
1207 2849 1235 2889 δ’
1257 2852 1275 2889 ὀ
1295 2849 1495 2898 Θετταλος
1517 2861 1599 2904 2,4
1567 2860 1642 2906 4.5

1052 2905 1158 2961 μέρος
1178 2905 1301 2958 μέντοι
1324 2906 1366 2957 6,
1376 2906 1448 2947 61.
