1780 3178
419 244 889 301 FLOMLEGm'M.
923 257 1028 300 'rm
1054 267 1148 316 115.

553 381 593 427 7.
614 371 763 415 Alea-is
780 372 1011 415 Dema-io.

167 447 240 490 Ex
257 454 377 506 parte
394 446 494 490 vino
511 461 598 490 non
616 446 724 490 male
743 446 1031 491 assimilaveris

110 514 363 564 Humanum
381 520 622 579 ingenium:
653 535 837 579 namque
855 520 920 563 uti
938 520 1086 563 vinum
1100 536 1275 574 novum,

107 596 175 639 Ita
186 595 356 654 juvenis
374 595 539 638 animus
557 611 665 654 opus
682 604 746 638 est
767 604 815 638 ut
833 595 1049 638 deferbeat

108 671 171 712 Et
189 669 480 728 despumando
498 668 628 712 ducat
645 668 972 727 aspritudinem:

110 743 221 786 Inde
239 743 315 786 ubi
333 742 504 786 redierit
521 741 577 784 ad
597 757 685 784 sese
703 740 1012 795 et,con‘sederit‚

111 818 323 876 Perpetua
339 816 503 875 placeat
521 814 692 858 lenitate
709 814 754 856 in
772 821 1006 872 posterum.

531 889 570 931 8.
591 888 815 946 Sqwhocles
840 888 1024 945 'Ityr-(me.

168 965 342 1009 Senium
360 964 534 1022 diesque
553 963 681 1022 longa
698 977 765 1005 res
783 962 939 1004 multas
957 961 1120 1005 docent.

666 1051 706 1094 9.
733 1037 892 1078 Crates.

167 1114 386 1156 Senectam
404 1119 572 1154 aetatem
590 1109 697 1168 quid
714 1109 818 1152 mihi
837 1117 887 1152 ut
905 1109 1063 1152 malum
1077 1109 1329 1168 exprobras?

109 1189 248 1241 Quam
267 1202 353 1230 non
370 1186 499 1245 apisci
516 1185 616 1229 vitoe
633 1184 772 1244 pretio
785 1184 984 1236 constitit,

108 1263 248 1313 Quam
266 1259 407 1303 cuncti
426 1259 780 1318 concupiscimus:
811 1267 855 1301 at
873 1273 972 1301 cum
991 1259 1165 1311 venerit,

105 1333 352 1377 Toleramus
370 1347 494 1391 aegre.
541 1332 651 1375 Tam
668 1331 835 1389 ingrato
851 1330 1021 1389 ingenio
1039 1336 1214 1375 sumus.v

630 1404 697 1447 Ib.
718 1405 925 1446 Incertus.

163 1481 275 1523 Vitae
292 1479 450 1538 cupido
466 1477 648 1521 maxime
666 1486 801 1520 tentat
821 1493 950 1521 senes.

613 1565 678 1594 10.
698 1552 943 1608 AEschylus.

108 1627 280 1672 Senium
293 1627 473 1685 juventa
484 1625 596 1684 juris
613 1625 914 1668 observantius.

594 1714 636 1758 5.
664 1701 957 1743 Callimachus.

164 1776 246 1819 Ille
264 1776 488 1819 senectutis
506 1785 696 1834 tempora
714 1774 837 1818 laetus
856 1774 959 1832 agit,

106 1853 233 1895 AEtas
250 1866 378 1909 quem
395 1849 567 1908 puerilis
585 1858 712 1902 amat,
732 1849 948 1907 velutique
966 1857 1184 1906 parentem

163 1924 397 1967 Deducunt
410 1923 589 1981 juvenes
605 1923 734 1966 limen
753 1922 944 1980 adusque
963 1937 1105 1964 manu.

610 2010 627 2038 1
637 2008 676 2038 2.
692 1996 942 2054 Emipides.

166 2073 328 2115 Curare
340 2071 550 2129 juvenum
569 2085 795 2128 possumus
811 2069 943 2112 vitam
962 2085 1093 2121 senes,

107 2148 169 2190 Et
188 2162 239 2189 ea
255 2145 435 2188 vicissim
453 2145 639 2203 accipere
657 2160 756 2202 quae
768 2144 947 2202 juvenes
965 2143 1134 2186 habent.

589 2232 657 2275 13.
677 2218 964 2276 Hffffothoon.

166 2295 287 2338 Serta
305 2293 527 2336 senectutis
545 2291 637 2335 cani
657 2299 756 2334 sunt
774 2287 911 2349 pauca
923 2289 1154 2348 loquentes.
1236 2338 1238 2340 ,

667 2375 733 2417 14.
756 2363 884 2405 Idem.

167 2439 291 2483 Senio
307 2438 438 2482 leonis
455 2437 566 2481 cedit
584 2436 773 2479 hinnulei
792 2436 924 2494 vigor.

589 2520 654 2564 15.
677 2509 954 2567 Antiphanes.

166 2571 356 2627 Multum
375 2592 565 2626 senectus
583 2583 638 2625 ad
657 2581 961 2625 consiliandum
979 2581 1108 2633 valet,

29 2656 31 2658 ’
109 2647 319 2710 Quoniam
337 2673 403 2701 res
424 2657 527 2700 vidit
545 2666 673 2713 atque
692 2654 837 2698 didicit
856 2654 1070 2712 plurimas.

483 2728 486 2730 ’
514 2731 580 2772 16.
602 2728 822 2786 chokocles
847 2728 1040 2783 Πρωτὼ.

168 2804 370 2857 Quamvis
389 2818 512 2846 senex
532 2802 621 2846 sim.
673 2802 784 2844 Nam
805 2807 1059 2842 senectutem
1079 2798 1213 2842 solent

1369 259 1449 304 281
