<?xml version="1.0" encoding="UTF-8"?>
<!DOCTYPE html PUBLIC "-//W3C//DTD XHTML 1.0 Transitional//EN"
    "http://www.w3.org/TR/xhtml1/DTD/xhtml1-transitional.dtd">
<html xmlns="http://www.w3.org/1999/xhtml" xml:lang="en" lang="en">
 <head>
  <title>
</title>
<meta http-equiv="Content-Type" content="text/html;charset=utf-8" />
  <meta name='ocr-system' content='tesseract 3.04.00' />
  <meta name='ocr-capabilities' content='ocr_page ocr_carea ocr_par ocr_line ocrx_word'/>
</head>
<body>
  <div class='ocr_page' id='page_1' title='image "./iannoustovaiouan04stovuoft_0078.png"; bbox 0 0 1838 3276; ppageno 0'>
   <div class='ocr_carea' id='block_1_1' title="bbox 416 263 1345 323">
    <p class='ocr_par' dir='ltr' id='par_1_1' title="bbox 416 263 1345 323">
     <span class='ocr_line' id='line_1_1' title="bbox 416 263 1345 323; baseline -0.003 -14"><span class='ocrx_word' id='word_1_1' title='bbox 416 280 473 323; x_wconf 93' lang='lat'><strong>70</strong></span> <span class='ocrx_word' id='word_1_2' title='bbox 813 265 1007 308; x_wconf 85' lang='lat' dir='ltr'>IOANN</span> <span class='ocrx_word' id='word_1_3' title='bbox 1011 266 1068 308; x_wconf 91' lang='lat' dir='ltr'><strong>IS</strong></span> <span class='ocrx_word' id='word_1_4' title='bbox 1099 263 1345 308; x_wconf 82' lang='lat' dir='ltr'>STOBAEI</span> 
     </span>
    </p>
   </div>
   <div class='ocr_carea' id='block_1_2' title="bbox 410 379 1573 2860">
    <p class='ocr_par' dir='ltr' id='par_1_2' title="bbox 410 379 1573 2860">
     <span class='ocr_line' id='line_1_2' title="bbox 416 379 1413 437; baseline -0.003 -14"><span class='ocrx_word' id='word_1_5' title='bbox 416 380 614 423; x_wconf 86' lang='lat' dir='ltr'><strong>Confidas</strong></span> <span class='ocrx_word' id='word_1_6' title='bbox 634 379 824 431; x_wconf 88' lang='lat' dir='ltr'><strong>nimium,</strong></span> <span class='ocrx_word' id='word_1_7' title='bbox 845 394 927 422; x_wconf 91' lang='lat' dir='ltr'><strong>neu</strong></span> <span class='ocrx_word' id='word_1_8' title='bbox 948 394 1024 422; x_wconf 81' lang='lat' dir='ltr'><strong>nos</strong></span> <span class='ocrx_word' id='word_1_9' title='bbox 1042 388 1189 422; x_wconf 78' lang='lat' dir='ltr'><strong>eontra</strong></span> <span class='ocrx_word' id='word_1_10' title='bbox 1206 394 1413 437; x_wconf 88' lang='lat' dir='ltr'><strong>pauperes</strong></span> 
     </span>
     <span class='ocr_line' id='line_1_3' title="bbox 414 453 1391 511; baseline -0.001 -15"><span class='ocrx_word' id='word_1_11' title='bbox 414 453 644 511; x_wconf 87' lang='lat' dir='ltr'><strong>Despectui</strong></span> <span class='ocrx_word' id='word_1_12' title='bbox 664 453 832 504; x_wconf 78' lang='lat' dir='ltr'><strong>habeas,</strong></span> <span class='ocrx_word' id='word_1_13' title='bbox 853 467 1001 495; x_wconf 86' lang='lat' dir='ltr'><strong>verum</strong></span> <span class='ocrx_word' id='word_1_14' title='bbox 1021 461 1063 495; x_wconf 82' lang='lat' dir='ltr'><strong>te</strong></span> <span class='ocrx_word' id='word_1_15' title='bbox 1081 453 1391 511; x_wconf 81' lang='lat' dir='ltr'><strong>aspectantibus</strong></span> 
     </span>
     <span class='ocr_line' id='line_1_4' title="bbox 414 525 1144 583; baseline -0.001 -14"><span class='ocrx_word' id='word_1_16' title='bbox 414 526 631 569; x_wconf 86' lang='lat' dir='ltr'>Felicitate</span> <span class='ocrx_word' id='word_1_17' title='bbox 650 526 837 583; x_wconf 81' lang='lat' dir='ltr'><strong>praebeas</strong></span> <span class='ocrx_word' id='word_1_18' title='bbox 856 525 1035 583; x_wconf 79' lang='lat' dir='ltr'><strong>dignum</strong></span> <span class='ocrx_word' id='word_1_19' title='bbox 1054 534 1144 568; x_wconf 82' lang='lat' dir='ltr'><strong>tua.</strong></span> 
     </span>
     <span class='ocr_line' id='line_1_5' title="bbox 848 599 1318 656; baseline -0.004 -14"><span class='ocrx_word' id='word_1_20' title='bbox 848 610 914 642; x_wconf 86' lang='lat'><strong>20.</strong></span> <span class='ocrx_word' id='word_1_21' title='bbox 936 599 1158 656; x_wconf 69' lang='lat' dir='ltr'><strong>Sophocles</strong></span> <span class='ocrx_word' id='word_1_22' title='bbox 1176 599 1318 656; x_wconf 76' lang='lat' dir='ltr'><strong>Ajace.</strong></span> 
     </span>
     <span class='ocr_line' id='line_1_6' title="bbox 475 670 1467 731; baseline -0.002 -16"><span class='ocrx_word' id='word_1_23' title='bbox 475 674 571 731; x_wconf 65' lang='lat' dir='ltr'><em>Uby.</em></span> <span class='ocrx_word' id='word_1_24' title='bbox 603 673 714 715; x_wconf 87' lang='lat' dir='ltr'><strong>Nam</strong></span> <span class='ocrx_word' id='word_1_25' title='bbox 734 671 858 715; x_wconf 84' lang='lat' dir='ltr'><strong>video</strong></span> <span class='ocrx_word' id='word_1_26' title='bbox 877 671 938 715; x_wconf 74' lang='lat' dir='ltr'><strong>nil</strong></span> <span class='ocrx_word' id='word_1_27' title='bbox 957 687 1034 714; x_wconf 85' lang='lat' dir='ltr'><strong>nos</strong></span> <span class='ocrx_word' id='word_1_28' title='bbox 1051 687 1140 714; x_wconf 81' lang='lat' dir='ltr'><strong>esse</strong></span> <span class='ocrx_word' id='word_1_29' title='bbox 1159 670 1368 723; x_wconf 80' lang='lat' dir='ltr'><strong>mortales,</strong></span> <span class='ocrx_word' id='word_1_30' title='bbox 1387 670 1467 713; x_wconf 84' lang='lat' dir='ltr'><strong>nisi</strong></span> 
     </span>
     <span class='ocr_line' id='line_1_7' title="bbox 417 744 1307 805; baseline -0.003 -16"><span class='ocrx_word' id='word_1_31' title='bbox 417 747 657 805; x_wconf 80' lang='lat' dir='ltr'><strong>Imaginosa</strong></span> <span class='ocrx_word' id='word_1_32' title='bbox 676 745 836 788; x_wconf 88' lang='lat' dir='ltr'><strong>somnia</strong></span> <span class='ocrx_word' id='word_1_33' title='bbox 853 754 930 788; x_wconf 82' lang='lat' dir='ltr'><strong>aut</strong></span> <span class='ocrx_word' id='word_1_34' title='bbox 947 745 1142 788; x_wconf 83' lang='lat' dir='ltr'><strong>umbram</strong></span> <span class='ocrx_word' id='word_1_35' title='bbox 1160 744 1307 788; x_wconf 89' lang='lat' dir='ltr'><strong>levem.</strong></span> 
     </span>
     <span class='ocr_line' id='line_1_8' title="bbox 415 818 1435 877; baseline -0.004 -14"><span class='ocrx_word' id='word_1_36' title='bbox 415 823 531 863; x_wconf 76' lang='lat' dir='ltr'><strong><em>Min.</em></strong></span> <span class='ocrx_word' id='word_1_37' title='bbox 563 820 647 862; x_wconf 87' lang='lat' dir='ltr'><strong>His</strong></span> <span class='ocrx_word' id='word_1_38' title='bbox 666 819 817 862; x_wconf 89' lang='lat' dir='ltr'><strong>doctus</strong></span> <span class='ocrx_word' id='word_1_39' title='bbox 836 835 951 877; x_wconf 86' lang='lat' dir='ltr'><strong>ergo,</strong></span> <span class='ocrx_word' id='word_1_40' title='bbox 968 833 1022 862; x_wconf 90' lang='lat' dir='ltr'><strong>ne</strong></span> <span class='ocrx_word' id='word_1_41' title='bbox 1041 818 1146 876; x_wconf 89' lang='lat' dir='ltr'><strong>quid</strong></span> <span class='ocrx_word' id='word_1_42' title='bbox 1165 818 1341 876; x_wconf 86' lang='lat' dir='ltr'><strong>effugiat</strong></span> <span class='ocrx_word' id='word_1_43' title='bbox 1360 825 1435 860; x_wconf 90' lang='lat' dir='ltr'><strong>tuo</strong></span> 
     </span>
     <span class='ocr_line' id='line_1_9' title="bbox 413 891 1313 951; baseline -0.003 -14"><span class='ocrx_word' id='word_1_44' title='bbox 413 897 485 937; x_wconf 83' lang='lat' dir='ltr'><strong>Ex</strong></span> <span class='ocrx_word' id='word_1_45' title='bbox 505 910 576 937; x_wconf 90' lang='lat' dir='ltr'><strong>ore</strong></span> <span class='ocrx_word' id='word_1_46' title='bbox 595 893 788 951; x_wconf 87' lang='lat' dir='ltr'><strong>petulans</strong></span> <span class='ocrx_word' id='word_1_47' title='bbox 806 892 851 935; x_wconf 90' lang='lat' dir='ltr'><strong>in</strong></span> <span class='ocrx_word' id='word_1_48' title='bbox 870 894 986 935; x_wconf 89' lang='lat' dir='ltr'><strong>Deos</strong></span> <span class='ocrx_word' id='word_1_49' title='bbox 1005 892 1181 944; x_wconf 86' lang='lat' dir='ltr'><strong>dictum,</strong></span> <span class='ocrx_word' id='word_1_50' title='bbox 1201 891 1313 943; x_wconf 88' lang='lat' dir='ltr'><strong>vide,</strong></span> 
     </span>
     <span class='ocr_line' id='line_1_10' title="bbox 415 954 1370 1023; baseline -0.002 -14"><span class='ocrx_word' id='word_1_51' title='bbox 415 969 534 1009; x_wconf 89' lang='lat' dir='ltr'><strong>Neve</strong></span> <span class='ocrx_word' id='word_1_52' title='bbox 551 966 783 1018; x_wconf 72' lang='lat' dir='ltr'><strong>insolescas,</strong></span> <span class='ocrx_word' id='word_1_53' title='bbox 806 966 840 1008; x_wconf 88' lang='lat' dir='ltr'><strong>si</strong></span> <span class='ocrx_word' id='word_1_54' title='bbox 859 965 965 1023; x_wconf 91' lang='lat' dir='ltr'><strong>quid</strong></span> <span class='ocrx_word' id='word_1_55' title='bbox 986 954 1061 1008; x_wconf 54' lang='lat' dir='ltr'><strong>eut</strong></span> <span class='ocrx_word' id='word_1_56' title='bbox 1079 965 1177 1023; x_wconf 87' lang='lat' dir='ltr'><strong>plus</strong></span> <span class='ocrx_word' id='word_1_57' title='bbox 1196 965 1370 1008; x_wconf 80' lang='lat' dir='ltr'><strong>dextera</strong></span> 
     </span>
     <span class='ocr_line' id='line_1_11' title="bbox 413 1038 1340 1098; baseline -0.003 -16"><span class='ocrx_word' id='word_1_58' title='bbox 413 1041 553 1083; x_wconf 89' lang='lat' dir='ltr'><strong>Polles</strong></span> <span class='ocrx_word' id='word_1_59' title='bbox 572 1049 789 1098; x_wconf 84' lang='lat' dir='ltr'><strong>potesque,</strong></span> <span class='ocrx_word' id='word_1_60' title='bbox 810 1048 885 1081; x_wconf 87' lang='lat' dir='ltr'><strong>aut</strong></span> <span class='ocrx_word' id='word_1_61' title='bbox 904 1038 1046 1081; x_wconf 81' lang='lat' dir='ltr'><strong>divitis</strong></span> <span class='ocrx_word' id='word_1_62' title='bbox 1063 1054 1179 1096; x_wconf 82' lang='lat' dir='ltr'><strong>gazae</strong></span> <span class='ocrx_word' id='word_1_63' title='bbox 1199 1038 1340 1081; x_wconf 89' lang='lat' dir='ltr'><strong>ubere.</strong></span> 
     </span>
     <span class='ocr_line' id='line_1_12' title="bbox 415 1110 1222 1155; baseline -0.001 0"><span class='ocrx_word' id='word_1_64' title='bbox 415 1113 664 1155; x_wconf 85' lang='lat' dir='ltr'><strong>Mortalium</strong></span> <span class='ocrx_word' id='word_1_65' title='bbox 684 1128 750 1154; x_wconf 87' lang='lat' dir='ltr'><strong>res</strong></span> <span class='ocrx_word' id='word_1_66' title='bbox 768 1112 936 1155; x_wconf 88' lang='lat' dir='ltr'><strong>turbine</strong></span> <span class='ocrx_word' id='word_1_67' title='bbox 955 1111 1114 1154; x_wconf 79' lang='lat' dir='ltr'><strong>incerto</strong></span> <span class='ocrx_word' id='word_1_68' title='bbox 1132 1110 1222 1154; x_wconf 82' lang='lat' dir='ltr'><strong>dies</strong></span> 
     </span>
     <span class='ocr_line' id='line_1_13' title="bbox 413 1183 1207 1248; baseline -0.001 -22"><span class='ocrx_word' id='word_1_69' title='bbox 413 1183 582 1227; x_wconf 86' lang='lat' dir='ltr'><strong>Evertit</strong></span> <span class='ocrx_word' id='word_1_70' title='bbox 600 1200 648 1226; x_wconf 77' lang='lat' dir='ltr'><strong>ac</strong></span> <span class='ocrx_word' id='word_1_71' title='bbox 668 1184 844 1241; x_wconf 87' lang='lat' dir='ltr'><strong>reponit.</strong></span> <span class='ocrx_word' id='word_1_72' title='bbox 895 1186 961 1248; x_wconf 67' lang='lat' dir='ltr'><strong>At</strong></span> <span class='ocrx_word' id='word_1_73' title='bbox 979 1183 1207 1226; x_wconf 75' lang='lat' dir='ltr'><strong>caelestium</strong></span> 
     </span>
     <span class='ocr_line' id='line_1_14' title="bbox 414 1257 1366 1316; baseline -0.001 -16"><span class='ocrx_word' id='word_1_74' title='bbox 414 1260 548 1300; x_wconf 86' lang='lat' dir='ltr'><strong>Amat</strong></span> <span class='ocrx_word' id='word_1_75' title='bbox 566 1258 776 1301; x_wconf 87' lang='lat' dir='ltr'><strong>modestos</strong></span> <span class='ocrx_word' id='word_1_76' title='bbox 794 1273 966 1310; x_wconf 87' lang='lat' dir='ltr'><strong>numen,</strong></span> <span class='ocrx_word' id='word_1_77' title='bbox 987 1268 1030 1300; x_wconf 86' lang='lat' dir='ltr'><strong>et</strong></span> <span class='ocrx_word' id='word_1_78' title='bbox 1049 1257 1208 1316; x_wconf 85' lang='lat' dir='ltr'><strong>spernit</strong></span> <span class='ocrx_word' id='word_1_79' title='bbox 1225 1257 1366 1301; x_wconf 81' lang='lat' dir='ltr'><strong>malos.</strong></span> 
     </span>
     <span class='ocr_line' id='line_1_15' title="bbox 947 1332 1214 1375; baseline -0.007 0"><span class='ocrx_word' id='word_1_80' title='bbox 947 1344 1014 1375; x_wconf 88' lang='lat'><strong>21.</strong></span> <span class='ocrx_word' id='word_1_81' title='bbox 1037 1332 1214 1375; x_wconf 69' lang='lat' dir='ltr'><strong>Ibidem.</strong></span> 
     </span>
     <span class='ocr_line' id='line_1_16' title="bbox 473 1405 1180 1462; baseline 0 -15"><span class='ocrx_word' id='word_1_82' title='bbox 473 1407 684 1447; x_wconf 82' lang='lat' dir='ltr'><strong>Immensa</strong></span> <span class='ocrx_word' id='word_1_83' title='bbox 703 1405 823 1447; x_wconf 88' lang='lat' dir='ltr'><strong>molis</strong></span> <span class='ocrx_word' id='word_1_84' title='bbox 842 1405 986 1448; x_wconf 83' lang='lat' dir='ltr'><strong>otiosae</strong></span> <span class='ocrx_word' id='word_1_85' title='bbox 1005 1419 1180 1462; x_wconf 70' lang='lat' dir='ltr'><strong>corpora</strong></span> 
     </span>
     <span class='ocr_line' id='line_1_17' title="bbox 414 1478 1235 1536; baseline -0.001 -15"><span class='ocrx_word' id='word_1_86' title='bbox 414 1478 601 1521; x_wconf 87' lang='lat' dir='ltr'><strong>Caelestis</strong></span> <span class='ocrx_word' id='word_1_87' title='bbox 618 1478 693 1521; x_wconf 88' lang='lat' dir='ltr'><strong>irae</strong></span> <span class='ocrx_word' id='word_1_88' title='bbox 712 1478 833 1521; x_wconf 85' lang='lat' dir='ltr'><strong>facile</strong></span> <span class='ocrx_word' id='word_1_89' title='bbox 854 1478 1062 1536; x_wconf 78' lang='lat' dir='ltr'><strong>prosterni</strong></span> <span class='ocrx_word' id='word_1_90' title='bbox 1081 1478 1235 1520; x_wconf 85' lang='lat' dir='ltr'><strong>ictibus</strong></span> 
     </span>
     <span class='ocr_line' id='line_1_18' title="bbox 410 1550 1233 1608; baseline 0 -16"><span class='ocrx_word' id='word_1_91' title='bbox 410 1551 538 1593; x_wconf 87' lang='lat' dir='ltr'><strong>Vates</strong></span> <span class='ocrx_word' id='word_1_92' title='bbox 557 1551 746 1602; x_wconf 81' lang='lat' dir='ltr'><strong>canebat,</strong></span> <span class='ocrx_word' id='word_1_93' title='bbox 766 1550 800 1593; x_wconf 90' lang='lat' dir='ltr'><strong>si</strong></span> <span class='ocrx_word' id='word_1_94' title='bbox 819 1551 915 1608; x_wconf 88' lang='lat' dir='ltr'><strong>quis</strong></span> <span class='ocrx_word' id='word_1_95' title='bbox 933 1551 1120 1593; x_wconf 87' lang='lat' dir='ltr'><strong>humano</strong></span> <span class='ocrx_word' id='word_1_96' title='bbox 1139 1559 1233 1594; x_wconf 85' lang='lat' dir='ltr'><strong>satu</strong></span> 
     </span>
     <span class='ocr_line' id='line_1_19' title="bbox 413 1624 1302 1682; baseline 0 -16"><span class='ocrx_word' id='word_1_97' title='bbox 413 1626 592 1668; x_wconf 86' lang='lat' dir='ltr'><strong>Creatus</strong></span> <span class='ocrx_word' id='word_1_98' title='bbox 611 1624 770 1667; x_wconf 87' lang='lat' dir='ltr'><strong>animos</strong></span> <span class='ocrx_word' id='word_1_99' title='bbox 788 1624 956 1667; x_wconf 87' lang='lat' dir='ltr'><strong>homine</strong></span> <span class='ocrx_word' id='word_1_100' title='bbox 975 1624 1153 1682; x_wconf 86' lang='lat' dir='ltr'><strong>majores</strong></span> <span class='ocrx_word' id='word_1_101' title='bbox 1170 1632 1302 1682; x_wconf 76' lang='lat' dir='ltr'><strong>gerat.</strong></span> 
     </span>
     <span class='ocr_line' id='line_1_20' title="bbox 969 1699 1191 1743; baseline -0.014 0"><span class='ocrx_word' id='word_1_102' title='bbox 969 1711 1037 1743; x_wconf 85' lang='lat'><strong>22.</strong></span> <span class='ocrx_word' id='word_1_103' title='bbox 1059 1699 1191 1743; x_wconf 85' lang='lat' dir='ltr'><strong><em>Idem.</em></strong></span> 
     </span>
     <span class='ocr_line' id='line_1_21' title="bbox 470 1773 1088 1830; baseline 0.002 -16"><span class='ocrx_word' id='word_1_104' title='bbox 470 1773 544 1815; x_wconf 90' lang='lat' dir='ltr'><strong>Nil</strong></span> <span class='ocrx_word' id='word_1_105' title='bbox 564 1773 760 1815; x_wconf 78' lang='lat' dir='ltr'><strong>mortales</strong></span> <span class='ocrx_word' id='word_1_106' title='bbox 780 1773 939 1830; x_wconf 86' lang='lat' dir='ltr'><strong>spirare</strong></span> <span class='ocrx_word' id='word_1_107' title='bbox 959 1787 1088 1830; x_wconf 86' lang='lat' dir='ltr'><strong>supra</strong></span> 
     </span>
     <span class='ocr_line' id='line_1_22' title="bbox 413 1847 1085 1900; baseline -0.003 -8"><span class='ocrx_word' id='word_1_108' title='bbox 413 1848 600 1892; x_wconf 76' lang='lat' dir='ltr'><strong>Mortale</strong></span> <span class='ocrx_word' id='word_1_109' title='bbox 619 1848 752 1900; x_wconf 88' lang='lat' dir='ltr'><strong>decet,</strong></span> <span class='ocrx_word' id='word_1_110' title='bbox 774 1863 977 1891; x_wconf 86' lang='lat' dir='ltr'><strong>memores</strong></span> <span class='ocrx_word' id='word_1_111' title='bbox 997 1847 1085 1890; x_wconf 91' lang='lat' dir='ltr'><strong>solo</strong></span> 
     </span>
     <span class='ocr_line' id='line_1_23' title="bbox 413 1921 990 1979; baseline -0.002 -15"><span class='ocrx_word' id='word_1_112' title='bbox 413 1921 657 1979; x_wconf 87' lang='lat' dir='ltr'><strong>Dispensari</strong></span> <span class='ocrx_word' id='word_1_113' title='bbox 677 1923 708 1963; x_wconf 87' lang='lat' dir='ltr'><strong>J</strong></span> <span class='ocrx_word' id='word_1_114' title='bbox 710 1921 799 1964; x_wconf 89' lang='lat' dir='ltr'><strong>ovis</strong></span> <span class='ocrx_word' id='word_1_115' title='bbox 818 1921 990 1964; x_wconf 85' lang='lat' dir='ltr'><strong>arbitrio</strong></span> 
     </span>
     <span class='ocr_line' id='line_1_24' title="bbox 415 1992 1205 2050; baseline -0.003 -13"><span class='ocrx_word' id='word_1_116' title='bbox 415 1994 591 2037; x_wconf 87' lang='lat' dir='ltr'><strong>Homini</strong></span> <span class='ocrx_word' id='word_1_117' title='bbox 611 1993 895 2050; x_wconf 87' lang='lat' dir='ltr'><strong>quodcunque</strong></span> <span class='ocrx_word' id='word_1_118' title='bbox 914 1992 1110 2034; x_wconf 88' lang='lat' dir='ltr'><strong>futurum</strong></span> <span class='ocrx_word' id='word_1_119' title='bbox 1130 1999 1205 2035; x_wconf 81' lang='lat' dir='ltr'><strong>est·</strong></span> 
     </span>
     <span class='ocr_line' id='line_1_25' title="bbox 591 2064 1339 2125; baseline -0.004 -17"><span class='ocrx_word' id='word_1_120' title='bbox 591 2121 593 2125; x_wconf 18' lang='lat' dir='ltr'>y</span> <span class='ocrx_word' id='word_1_121' title='bbox 834 2078 900 2121; x_wconf 85' lang='lat'><strong>23.</strong></span> <span class='ocrx_word' id='word_1_122' title='bbox 923 2065 1042 2107; x_wconf 82' lang='lat' dir='ltr'><strong>Idem</strong></span> <span class='ocrx_word' id='word_1_123' title='bbox 1062 2064 1339 2107; x_wconf 67' lang='lat' dir='ltr'><strong>Colchicbzbus.</strong></span> 
     </span>
     <span class='ocr_line' id='line_1_26' title="bbox 471 2136 1426 2196; baseline -0.006 -12"><span class='ocrx_word' id='word_1_124' title='bbox 471 2138 657 2184; x_wconf 87' lang='lat' dir='ltr'><strong>Mortale</strong></span> <span class='ocrx_word' id='word_1_125' title='bbox 675 2153 804 2196; x_wconf 82' lang='lat' dir='ltr'><strong>supra</strong></span> <span class='ocrx_word' id='word_1_126' title='bbox 822 2152 966 2194; x_wconf 79' lang='lat' dir='ltr'><strong>sapere</strong></span> <span class='ocrx_word' id='word_1_127' title='bbox 986 2137 1046 2179; x_wconf 72' lang='lat' dir='ltr'><strong>nil</strong></span> <span class='ocrx_word' id='word_1_128' title='bbox 1064 2136 1276 2179; x_wconf 89' lang='lat' dir='ltr'><strong>hominem</strong></span> <span class='ocrx_word' id='word_1_129' title='bbox 1295 2136 1426 2179; x_wconf 88' lang='lat' dir='ltr'><strong>decet.</strong></span> 
     </span>
     <span class='ocr_line' id='line_1_27' title="bbox 789 2204 1372 2268; baseline -0.003 -16"><span class='ocrx_word' id='word_1_130' title='bbox 789 2223 856 2265; x_wconf 85' lang='lat'><strong>24.</strong></span> <span class='ocrx_word' id='word_1_131' title='bbox 879 2210 1117 2268; x_wconf 66' lang='lat' dir='ltr'><strong>Euripide-s·</strong></span> <span class='ocrx_word' id='word_1_132' title='bbox 1135 2204 1372 2252; x_wconf 72' lang='lat' dir='ltr'><strong>Alcmaetme.</strong></span> 
     </span>
     <span class='ocr_line' id='line_1_28' title="bbox 472 2283 1306 2341; baseline -0.001 -12"><span class='ocrx_word' id='word_1_133' title='bbox 472 2285 664 2329; x_wconf 86' lang='lat' dir='ltr'><strong>Demissa</strong></span> <span class='ocrx_word' id='word_1_134' title='bbox 682 2284 762 2328; x_wconf 85' lang='lat' dir='ltr'><strong>fari</strong></span> <span class='ocrx_word' id='word_1_135' title='bbox 781 2284 972 2328; x_wconf 79' lang='lat' dir='ltr'><strong>cladibus</strong></span> <span class='ocrx_word' id='word_1_136' title='bbox 990 2298 1153 2341; x_wconf 86' lang='lat' dir='ltr'><strong>pressos</strong></span> <span class='ocrx_word' id='word_1_137' title='bbox 1171 2283 1306 2334; x_wconf 79' lang='lat' dir='ltr'><strong>decet,</strong></span> 
     </span>
     <span class='ocr_line' id='line_1_29' title="bbox 413 2357 1300 2418; baseline -0.005 -15"><span class='ocrx_word' id='word_1_138' title='bbox 413 2361 512 2403; x_wconf 93' lang='lat' dir='ltr'><strong>Non</strong></span> <span class='ocrx_word' id='word_1_139' title='bbox 531 2359 718 2418; x_wconf 85' lang='lat' dir='ltr'><strong>pristinae</strong></span> <span class='ocrx_word' id='word_1_140' title='bbox 736 2358 940 2417; x_wconf 84' lang='lat' dir='ltr'><strong>respicere</strong></span> <span class='ocrx_word' id='word_1_141' title='bbox 958 2358 1141 2400; x_wconf 72' lang='lat' dir='ltr'><strong>fortunae</strong></span> <span class='ocrx_word' id='word_1_142' title='bbox 1160 2357 1300 2400; x_wconf 85' lang='lat' dir='ltr'><strong>decus.</strong></span> 
     </span>
     <span class='ocr_line' id='line_1_30' title="bbox 895 2431 1272 2489; baseline -0.008 -14"><span class='ocrx_word' id='word_1_143' title='bbox 895 2444 920 2475; x_wconf 88' lang='lat'>2</span> <span class='ocrx_word' id='word_1_144' title='bbox 921 2441 962 2487; x_wconf 85' lang='lat'><strong>5.</strong></span> <span class='ocrx_word' id='word_1_145' title='bbox 984 2431 1272 2489; x_wconf 74' lang='lat' dir='ltr'><strong>Hippothoon.</strong></span> 
     </span>
     <span class='ocr_line' id='line_1_31' title="bbox 470 2504 1513 2559; baseline -0.003 -10"><span class='ocrx_word' id='word_1_146' title='bbox 470 2507 615 2549; x_wconf 93' lang='lat' dir='ltr'><strong>Homo</strong></span> <span class='ocrx_word' id='word_1_147' title='bbox 634 2515 772 2559; x_wconf 86' lang='lat' dir='ltr'><strong>natus,</strong></span> <span class='ocrx_word' id='word_1_148' title='bbox 792 2505 1011 2549; x_wconf 89' lang='lat' dir='ltr'><strong>hominum</strong></span> <span class='ocrx_word' id='word_1_149' title='bbox 1030 2504 1124 2547; x_wconf 88' lang='lat' dir='ltr'><strong>vive</strong></span> <span class='ocrx_word' id='word_1_150' title='bbox 1143 2504 1325 2548; x_wconf 78' lang='lat' dir='ltr'><strong>fortunae</strong></span> <span class='ocrx_word' id='word_1_151' title='bbox 1344 2517 1513 2547; x_wconf 85' lang='lat' dir='ltr'><strong>memor.</strong></span> 
     </span>
     <span class='ocr_line' id='line_1_32' title="bbox 534 2566 1224 2624; baseline -0.006 1"><span class='ocrx_word' id='word_1_152' title='bbox 534 2566 539 2573; x_wconf 82' lang='grc'><strong>’</strong></span> <span class='ocrx_word' id='word_1_153' title='bbox 943 2580 1011 2624; x_wconf 90' lang='lat'><strong>26.</strong></span> <span class='ocrx_word' id='word_1_154' title='bbox 1033 2579 1224 2623; x_wconf 61' lang='lat' dir='ltr'><strong>Sotades.</strong></span> 
     </span>
     <span class='ocr_line' id='line_1_33' title="bbox 472 2651 1573 2710; baseline -0.001 -15"><span class='ocrx_word' id='word_1_155' title='bbox 472 2652 516 2695; x_wconf 88' lang='lat' dir='ltr'><strong>Si</strong></span> <span class='ocrx_word' id='word_1_156' title='bbox 535 2668 609 2698; x_wconf 84' lang='lat' dir='ltr'><strong>rex</strong></span> <span class='ocrx_word' id='word_1_157' title='bbox 629 2669 686 2706; x_wconf 88' lang='lat' dir='ltr'><strong>es,</strong></span> <span class='ocrx_word' id='word_1_158' title='bbox 707 2653 833 2695; x_wconf 90' lang='lat' dir='ltr'><strong>homo</strong></span> <span class='ocrx_word' id='word_1_159' title='bbox 852 2653 926 2696; x_wconf 87' lang='lat' dir='ltr'><strong>sed</strong></span> <span class='ocrx_word' id='word_1_160' title='bbox 945 2662 1084 2696; x_wconf 83' lang='lat' dir='ltr'><strong>tamen</strong></span> <span class='ocrx_word' id='word_1_161' title='bbox 1104 2668 1162 2704; x_wconf 86' lang='lat' dir='ltr'><strong>es,</strong></span> <span class='ocrx_word' id='word_1_162' title='bbox 1179 2659 1439 2710; x_wconf 83' lang='lat' dir='ltr'><strong>quapropter</strong></span> <span class='ocrx_word' id='word_1_163' title='bbox 1457 2651 1573 2694; x_wconf 78' lang='lat' dir='ltr'><strong>audi.</strong></span> 
     </span>
     <span class='ocr_line' id='line_1_34' title="bbox 416 2725 1561 2785; baseline 0.001 -18"><span class='ocrx_word' id='word_1_164' title='bbox 416 2725 459 2767; x_wconf 84' lang='lat' dir='ltr'><strong>si</strong></span> <span class='ocrx_word' id='word_1_165' title='bbox 479 2726 639 2782; x_wconf 80' lang='lat' dir='ltr'><strong>grande</strong></span> <span class='ocrx_word' id='word_1_166' title='bbox 660 2743 806 2779; x_wconf 83' lang='lat' dir='ltr'><strong>screas,</strong></span> <span class='ocrx_word' id='word_1_167' title='bbox 827 2726 978 2785; x_wconf 82' lang='lat' dir='ltr'><strong>plenus</strong></span> <span class='ocrx_word' id='word_1_168' title='bbox 996 2742 1042 2771; x_wconf 80' lang='lat' dir='ltr'><strong>es</strong></span> <span class='ocrx_word' id='word_1_169' title='bbox 1059 2742 1161 2785; x_wconf 87' lang='lat' dir='ltr'><strong>ergo</strong></span> <span class='ocrx_word' id='word_1_170' title='bbox 1179 2726 1355 2784; x_wconf 67' lang='lat' dir='ltr'><strong>pituitae.</strong></span> <span class='ocrx_word' id='word_1_171' title='bbox 1383 2733 1386 2735; x_wconf 86' lang='grc'><strong>’</strong></span> <span class='ocrx_word' id='word_1_172' title='bbox 1559 2745 1561 2747; x_wconf 55' lang='grc'>’</span> 
     </span>
     <span class='ocr_line' id='line_1_35' title="bbox 413 2799 1339 2860; baseline 0.001 -19"><span class='ocrx_word' id='word_1_173' title='bbox 413 2799 456 2842; x_wconf 88' lang='lat' dir='ltr'><strong>Si</strong></span> <span class='ocrx_word' id='word_1_174' title='bbox 477 2809 589 2843; x_wconf 85' lang='lat' dir='ltr'><strong>veste</strong></span> <span class='ocrx_word' id='word_1_175' title='bbox 609 2801 729 2853; x_wconf 88' lang='lat' dir='ltr'><strong>nites,</strong></span> <span class='ocrx_word' id='word_1_176' title='bbox 750 2810 793 2844; x_wconf 81' lang='lat' dir='ltr'><strong>at</strong></span> <span class='ocrx_word' id='word_1_177' title='bbox 810 2801 930 2860; x_wconf 88' lang='lat' dir='ltr'><strong>prius</strong></span> <span class='ocrx_word' id='word_1_178' title='bbox 949 2802 1057 2845; x_wconf 79' lang='lat' dir='ltr'><strong>hanc</strong></span> <span class='ocrx_word' id='word_1_179' title='bbox 1075 2817 1174 2844; x_wconf 89' lang='lat' dir='ltr'><strong>oves</strong></span> <span class='ocrx_word' id='word_1_180' title='bbox 1195 2800 1339 2844; x_wconf 86' lang='lat' dir='ltr'><strong>tulere.</strong></span> 
     </span>
    </p>
   </div>
  </div>
 </body>
</html>
