1780 3178
399 285 861 330 FLORILEGIUM.
893 287 1000 330 Τιτ.
1021 300 1090 346 93.-

93 399 179 442 Fas
196 399 449 443 aestimantes
466 408 510 442 et
528 399 645 442 nefas
662 399 920 458 promiscue:

92 473 159 516 Ut
176 487 251 515 vos
269 471 462 515 metenda
479 471 663 515 cladium
681 481 893 531 exspectet
911 488 1039 532 seges.

577 555 619 600 5.
639 544 759 586 Idem
778 544 944 586 Medea.

151 615 220 656 Ne
238 614 326 657 vita
343 614 447 657 mihi
466 616 520 658 sit
538 616 755 674 splendide
774 617 1031 669 miserabilis,

94 687 185 729 Nec
204 702 305 744 opes
323 687 475 745 opimae
495 704 592 745 quae
610 703 753 730 meum
772 704 844 731 eor
861 689 1091 732 mordeant.

577 764 617 804 6.
640 762 754 804 laem
771 763 939 819 maye.

153 833 385 890 Nunquam
404 833 539 876 malus
558 834 635 876 sim
653 834 790 876 victus
807 849 834 876 a
850 834 1050 891 pecunia:

97 906 182 949 Sed
199 922 275 950 nec
289 907 496 950 malorum
514 923 582 951 me
599 908 757 966 illigem
777 909 1034 952 commercio.

696 1013 707 1023 .
727 982 858 1023 Idem.

154 1053 206 1095 A.
228 1054 327 1096 Non
346 1053 452 1106 haec,
472 1054 545 1098 sed
564 1054 657 1097 auri
667 992 840 1098 7trahere
859 1055 922 1098 vis
941 1064 983 1098 te
1003 1056 1162 1099 debuit.

97 1127 154 1170 B.
176 1127 341 1185 Turpe,
361 1143 449 1170 esse
467 1127 613 1179 ditem,
635 1127 738 1170 scire
755 1136 959 1185 proeterea
976 1128 1092 1171 nihil.

538 1214 579 1257 9.
598 1201 837 1258 Emipides
854 1202 985 1243 AEob.

155 1272 354 1315 Laudare
373 1273 550 1316 Plutum
568 1289 704 1331 parce.
753 1275 854 1316 Non
872 1290 1047 1318 veneror
1065 1276 1224 1327 Deum,

98 1345 182 1397 Qui
201 1346 475 1404 pessimorum
494 1363 605 1405 saepe
622 1348 673 1389 fit
690 1348 903 1405 possessio.

589 1434 654 1463 10.
672 1421 791 1463 Idem
809 1422 943 1464 Peleo.

156 1493 486 1550 Opulentitatem
506 1494 662 1537 nullius
680 1494 804 1552 pretii
822 1504 943 1553 puto,

100 1566 238 1617 Quam
257 1565 378 1608 facile
395 1566 532 1624 fingit,
552 1566 715 1610 facilius
732 1567 845 1609 delet
863 1568 995 1610 Deus.

617 1653 636 1681 1
646 1652 681 1681 1.
705 1639 925 1682 Carcinus.

158 1710 411 1767 Quanquam
429 1711 603 1754 miseriis
621 1720 684 1754 est
701 1711 821 1754 ferax
839 1712 1031 1769 pecunia,

103 1783 269 1826 Tamen
287 1799 381 1826 acre
399 1784 640 1827 hominibus
658 1785 814 1827 excitat
832 1785 1020 1827 studium
1040 1785 1117 1828 sui.

489 1861 553 1902 12'.
577 1859 815 1938 Euripides
834 1859 1050 1901 Archelao.

159 1931 222 1972 Es
241 1907 380 1972 dives:
411 1938 456 1973 at
475 1930 584 1973 iners
602 1945 670 1972 res
688 1938 731 1972 et
749 1930 903 1987 ignava
921 1939 984 1973 est
1002 1946 1113 1989 opes

543 2016 608 2059 13
631 2004 750 2046 Idem
770 2004 1002 2062 Antigona.

160 2076 350 2134 Opulens
367 2077 539 2129 amicus,
559 2076 628 2119 cui
647 2076 763 2119 deest
782 2076 998 2135 sapientia,

102 2149 247 2192 Virtus
265 2149 344 2192 nisi
363 2149 486 2202 adsit,
507 2148 603 2191 usui
622 2147 728 2191 nulli
747 2157 810 2191 est
826 2149 950 2191 bono.

533 2235 601 2276 14.
621 2222 740 2264 Idem
755 2221 1011 2264 Aleoemndtro.
1038 2215 1047 2222 ’

161 2294 332 2338 Divitiae
351 2294 496 2352 iniqua
514 2293 648 2336 multa
666 2293 858 2336 meditari
878 2293 1022 2336 solent.

554 2377 619 2423 15.
641 2367 760 2409 Idem
780 2367 991 2409 Alcmena.

162 2440 319 2484 Odiosa
335 2455 402 2483 res
419 2449 482 2483 est
500 2440 693 2498 imperita
709 2439 974 2498 opulentitas.

663 2514 728 2556 16.
750 2513 881 2554 Idem.

162 2585 284 2628 Mala
300 2586 435 2629 multa
452 2585 691 2628 hominibus
709 2600 854 2642 parere
873 2584 1030 2627 divitiae
1048 2585 1192 2628 solent.

553 2669 617 2714 17.
640 2659 758 2700 Idem
778 2658 1002 2701 Phi-sthme.

164 2733 203 2775 Ο
223 2732 344 2790 eopia
361 2732 468 2784 auri,
489 2732 607 2775 facile
627 2747 733 2775 onus
751 2731 1035 2790 gestantibus:

111 2804 196 2848 Sed
214 2820 315 2847 cura
335 2813 376 2846 te
394 2803 617 2847 comitatur
633 2813 676 2847 et
695 2804 829 2846 durus
846 2803 988 2846 labor:

1338 299 1420 344 223
