1780 3178
378 280 458 332 146
794 275 1046 319 10ANN1s
1078 274 1316 318 s'rOBAEI

977 383 1108 424 Idem.

433 456 451 484 k
466 456 678 513 Equidem
701 455 872 513 Cupido
889 455 1051 513 primus
1069 465 1133 497 est
1151 454 1395 507 caelestium,

375 530 550 572 Cunctis
570 528 758 587 superior
778 537 906 586 atque
925 527 1095 586 majoris
1112 531 1235 586 preti.

374 607 485 647 Nam
506 619 628 645 nemo
648 602 884 661 repperitur
905 618 1040 659 usque
1059 601 1166 645 adeo
1186 611 1328 654 tenax,

373 680 551 722 Adeove
570 678 688 721 duris
708 686 783 720 aut
803 677 955 720 severis
974 676 1176 729 moribus,

374 755 457 806 Qui
479 771 563 798 non
582 769 754 797 suorum
774 753 933 796 tribuat
951 753 1052 794 huie
1069 761 1232 810 partem
1253 753 1364 794 Deo.

751 840 817 881 14.
839 827 1082 869 Menander
1106 827 1340 868 Thesauro.

430 901 596 952 Quibus
615 911 678 944 est
690 902 896 959 juventus
914 918 963 945 ac
983 901 1146 944 divitiae
1159 900 1355 958 dapsiles,

371 974 522 1017 Amori
542 975 619 1016 hos
632 975 784 1033 jubeas
802 975 1022 1033 indulgere
1040 974 1224 1016 comiter.

373 1048 485 1090 Nam
506 1048 579 1105 qui
600 1049 644 1090 in
664 1058 870 1091 senectam
891 1064 979 1091 rem
999 1047 1240 1106 ampliando
1259 1047 1476 1098 differunt,

375 1121 554 1164 Solvunt
576 1138 724 1165 usuras
742 1122 863 1165 otiosi
885 1121 1096 1180 temporis.

658 1207 722 1254 15.
745 1197 988 1248 Menander
1013 1196 1432 1254 Comprandentibus.

777 1272 983 1314 Amorem
1002 1270 1112 1313 inter
1130 1271 1246 1313 Deos

373 1341 685 1384 Validissimum
708 1359 796 1386 esse
814 1343 895 1386 hoc
914 1352 1165 1401 argumento
1182 1342 1404 1395 evincitur,

373 1416 498 1467 Quod
517 1417 760 1474 pejerantur
777 1427 952 1475 propter
970 1416 1086 1459 hunc
1105 1431 1249 1459 omnes
1267 1415 1363 1459 Dei.
1457 1399 1466 1412 ⁸

849 1493 914 1534 16.
936 1492 1237 1534 Minmermus.

372 1562 470 1605 Vita
489 1562 594 1620 quid
613 1573 689 1615 est,
711 1563 815 1621 quid
835 1564 973 1616 dulce,
993 1563 1073 1606 nisi
1085 1564 1211 1621 juvet
1228 1579 1358 1607 aurea
1375 1563 1557 1623 Cypris?

427 1637 541 1679 Tum
560 1653 742 1695 peream,
763 1637 937 1680 Veneris
955 1653 1052 1680 cum
1070 1637 1175 1680 mihi
1193 1653 1296 1680 cura
1312 1638 1433 1696 perit.

371 1709 473 1752 Flos
491 1709 599 1751 celer
619 1709 753 1752 aetatis
773 1726 875 1754 sexu
895 1710 1077 1753 donatus
1095 1710 1279 1769 utrique,

428 1784 601 1835 Lectus,
622 1792 857 1826 amatorum
878 1800 1075 1839 munera,
1090 1793 1226 1828 tectus
1244 1799 1376 1836 amor,

373 1857 526 1900 Omnia
545 1857 776 1915 diffugiunt
794 1873 895 1901 mox
913 1873 1011 1900 cum
1031 1857 1146 1900 venit
1165 1867 1257 1901 atra
1275 1867 1480 1910 senectus,

430 1933 536 1983 Quae
556 1931 656 1974 facit
675 1941 717 1974 et
736 1931 935 1990 pulchros
955 1931 1152 1990 turpibus
1170 1947 1257 1975 esse
1276 1948 1409 1990 pares.

370 2005 558 2062 Torpida
578 2005 761 2047 sollicitae
780 2005 964 2048 lacerant
982 2004 1214 2063 praecordia
1232 2021 1368 2048 curae:
1429 2010 1431 2014 ⁴

428 2077 615 2120 Lumina
634 2093 710 2119 nec
734 2077 856 2130 Solis,
876 2093 955 2120 nec
966 2078 1092 2135 juvat
1112 2078 1223 2120 alma
1240 2078 1345 2131 dies,

371 2151 557 2209 Invisum
577 2151 733 2209 pueris,
753 2151 1134 2208 inhonoratumque
1153 2151 1315 2209 puellis.

426 2225 534 2267 Tam
556 2225 686 2277 dedit,
705 2225 805 2276 heu,
827 2224 941 2268 senio
960 2224 1095 2268 tristia
1111 2225 1200 2268 fata
1219 2226 1351 2269 Deus.

754 2309 818 2355 17.
841 2300 1083 2343 Menander
1101 2300 1328 2343 Nauclero.

830 2373 997 2415 Natura
1015 2388 1092 2414 sua

372 2445 612 2488 Tractabile
632 2461 719 2487 esse
738 2445 915 2488 amantis
933 2445 1150 2503 ingenium
1169 2446 1290 2489 solet.

813 2519 878 2560 18.
901 2519 1020 2561 Idem
1042 2519 1274 2562 Thesauro.

429 2591 593 2633 Amoris
611 2591 834 2633 incitamen
854 2592 1082 2636 cantillatio
1103 2602 1177 2636 est.
1245 2576 1253 2580 χ

413 2686 429 2708 ¹¹
445 2687 552 2718 Grotii
567 2697 629 2718 ωε.
662 2686 771 2718 Deum
787 2691 956 2726 potentum
973 2686 1139 2718 maximus
1153 2686 1250 2727 longe
1265 2691 1316 2718 est
1330 2687 1444 2725 Amor,

651 2746 844 2786 Dignusque
860 2750 937 2777 ante
952 2745 1034 2778 alios
1049 2755 1146 2786 quem
1169 2750 1203 2777 tu
1221 2767 1229 2776 .
1244 2768 1252 2776 .
1270 2768 1278 2776 .
1296 2769 1304 2777 .
1319 2746 1428 2778 colas:

651 2799 739 2830 Nam
757 2809 853 2831 nemo
869 2804 919 2831 est
934 2800 1014 2832 adeo
1030 2803 1125 2841 parta
1139 2799 1341 2840 parsimonia

652 2853 717 2884 Aut
733 2863 860 2884 morum
877 2858 969 2885 tauta
987 2876 1122 2885 ......

647 2907 713 2946 Qui
731 2918 795 2938 non
810 2931 817 2938 .
832 2930 841 2940 .
860 2930 867 2938 .
886 2917 1006 2939 numen
1021 2912 1118 2948 atque
1131 2906 1305 2947 participet
1320 2907 1381 2938 sui.
