1780 3178
330 250 412 297 150
724 236 985 280 IOANNIS
1017 234 1263 279 STOBAEI

781 341 900 384 Idem
919 341 1096 398 Hymsno
1115 340 1212 382 alio.

386 417 608 459 AEternam
629 414 802 457 Veneris
821 413 968 456 seriem
988 422 1155 456 cantare
1173 427 1385 470 paramus,

328 492 390 534 Et
408 489 548 548 regale
567 488 670 531 sacri
689 487 817 530 fontis
836 495 964 544 caput
981 502 991 529 :
1023 485 1137 528 unde
1156 484 1348 543 profecti,

329 562 570 606 Immortale
588 576 737 620 genus,
758 568 989 618 pennatum
1010 573 1168 601 numen
1187 559 1370 601 Amores
1381 574 1395 600 ε

330 639 524 691 Quorum
542 635 612 679 alii
631 635 723 678 telis
742 643 924 677 mentem
943 632 1190 676 ferientibus
1208 642 1341 675 urunt

331 713 523 764 Pectora,
546 719 595 753 ut
614 709 818 752 illecebris
837 708 1015 751 sublime
1035 706 1300 750 trahentibus
1317 705 1401 749 icta

331 787 488 831 Matris
505 786 760 845 conspiciant
780 784 955 827 rutilum
975 782 1183 841 fulgentia
1201 781 1369 840 templa.

333 863 418 903 Ast
438 860 508 902 alii
528 859 659 918 patris
676 858 853 917 imperio
873 856 1245 916 sapientipotentiS,

334 936 591 991 Perpetuam
611 932 755 991 cupidi
776 931 958 975 sobolem
979 930 1224 973 submittere
1245 927 1422 980 mundo,

335 1007 579 1050 Immittunt
597 1006 746 1049 animis
765 1005 863 1048 vitae
883 1003 1088 1047 terrestris
1105 1017 1301 1046 amorem.

333 1085 524 1126 Rursum
544 1082 614 1125 alii
633 1090 767 1124 coetus
787 1090 829 1123 et
848 1079 1009 1122 foedera
1027 1077 1321 1136 conjugiorum

337 1158 449 1199 Cum
468 1170 622 1213 magna
642 1162 792 1198 curant
811 1169 926 1204 cura,
949 1151 1136 1194 mortalis
1154 1151 1209 1194 ab
1228 1160 1326 1194 ortu

337 1230 514 1273 Seminis
533 1239 583 1272 ut
602 1244 766 1287 semper
782 1221 917 1286 ge'nus
936 1226 1169 1269 immortale
1188 1233 1435 1283 propagent.

335 1304 545 1347 Omnibus
562 1303 632 1346 hic
650 1302 769 1345 labor
788 1311 865 1354 est,
886 1300 1038 1344 Veneri
1058 1299 1211 1343 servire
1229 1298 1417 1357 parenti..

300 1365 303 1367 ¹
336 1378 375 1419 Ο
396 1377 504 1429 Dea,
524 1391 621 1419 nam
642 1374 747 1418 nihil
766 1384 829 1417 est
849 1384 924 1417 tua
942 1373 1058 1432 quod
1077 1389 1163 1416 non
1181 1372 1327 1416 audiat
1344 1371 1473 1424 auris,

338 1453 598 1494 Immensum
618 1450 712 1494 coeli
732 1465 806 1493 seu
825 1449 983 1493 circum
1002 1448 1181 1492 volveris
1200 1463 1338 1499 axem,

335 1526 500 1569 Diceris
519 1525 632 1567 unde
652 1525 834 1567 animam
855 1523 1027 1567 Mundo
1046 1523 1248 1581 inspirare
1266 1536 1506 1580 perennem,

339 1601 423 1642 Seu
445 1597 791 1656 septemgeminos
809 1597 931 1639 orbes
951 1611 1092 1654 super,
1113 1596 1269 1637 aethere
1289 1609 1468 1645 summo,

338 1672 593 1731 Suppeditas
612 1671 764 1714 nostris
782 1670 1040 1713 connexibus
1058 1669 1305 1712 indomitam
1323 1668 1424 1719 vim,

336 1748 465 1800 Audi,
486 1756 529 1790 te
547 1762 744 1794 veneror:
777 1754 1059 1802 moestumque
1078 1743 1293 1787 laboribus
1311 1758 1451 1786 aevum

337 1822 368 1863 J
372 1821 543 1864 ustificis
563 1835 726 1878 semper
745 1819 837 1862 telis
856 1818 959 1861 mihi
981 1826 1123 1861 sancta
1140 1818 1347 1876 guberna,

337 1896 605 1937 Antecavens
624 1892 788 1935 facibus
805 1884 977 1950 pateant
996 1907 1050 1934 ne
1068 1891 1197 1934 corda
1215 1890 1413 1949 profanis.

625 1968 833 2009 Incertus.
859 1964 1058 2022 [Anthol.
1080 1964 1171 2007 Pal.
1192 1964 1277 2006 IX.
1292 1965 1387 2022 39.]

340 2044 504 2087 Blanda
523 2045 667 2086 Venus
688 2041 853 2084 Musis:
885 2042 1090 2084 Venerem
1110 2039 1315 2083 celebrate
1334 2039 1502 2097 puellae,

395 2119 463 2160 Ne
483 2132 602 2158 meus
621 2115 689 2157 hic
707 2115 751 2157 in
770 2130 845 2157 vos
864 2129 981 2156 arma
1000 2122 1187 2171 capessat
1206 2114 1358 2154 Amor.
1396 2159 1400 2164 ¹

338 2193 404 2234 At
423 2189 575 2233 Veneri
596 2190 760 2231 Musae:
795 2187 930 2230 Marti
943 2187 1104 2244 jactare
1122 2194 1333 2228 memento

397 2263 546 2313 Talia3
579 2277 677 2305 nam
697 2261 818 2304 nobis
838 2276 923 2303 non
942 2260 1057 2303 volat
1075 2259 1153 2302 iste
1173 2274 1291 2317 puer.

801 2336 994 2394 Orpheus
1013 2335 1217 2392 Hymnis.

399 2411 614 2462 Sanctum,
624 2409 797 2461 almum,
805 2408 983 2461 facilem,
991 2422 1193 2466 magnum
1202 2422 1450 2467 veneramur
1462 2408 1676 2458 Amorem,

338 2485 592 2536 Pennatum,
612 2483 852 2541 igniferum,
874 2483 1172 2541 velocipedem,
1192 2482 1502 2534 arcitenentem,

339 2556 423 2608 Qui
442 2556 653 2607 colludere
673 2565 786 2599 amat
805 2556 1052 2600 mortalibus
1071 2566 1114 2600 et
1133 2555 1294 2614 superis
1314 2556 1410 2607 Dis,

339 2630 646 2683 Vorsimanum,
669 2630 898 2689 geminum,
915 2629 1051 2672 claves
1069 2645 1211 2672 rerum
1228 2629 1418 2672 omnium
1436 2628 1685 2682 habentem,-

341 2704 530 2746 AEtheris
550 2704 754 2757 immensi,
774 2703 935 2746 telluris
954 2712 996 2745 et
1017 2703 1196 2760 aequoris
1216 2712 1259 2745 et
1278 2719 1376 2760 quae

342 2779 477 2821 Terra
496 2795 645 2837 parens
664 2779 882 2823 hominum
901 2777 1043 2836 generi
1065 2777 1263 2836 spirantia
1283 2776 1431 2828 nutrit,
