1838 3276
445 308 502 364 38
847 303 1047 348 IOANN
1052 303 1109 347 IS
1141 302 1381 347 STOBAEI

964 428 1033 463 20.
1059 417 1259 460 Incertus.

504 491 792 537 Humanitatis
809 491 936 535 limen
954 491 1100 550 injusti
1118 491 1234 549 fuga.

829 578 897 609 21.
918 565 1139 608 Philemon
1158 564 1397 606 Palamede.

504 639 602 682 Sola
618 638 728 681 inter
746 638 935 682 homines
954 646 1083 696 atque
1101 637 1285 681 caelestes
1303 638 1419 680 Deos

442 713 474 755 J
475 711 618 755 ustitia
636 711 783 755 laudes
800 727 963 770 semper
982 720 1159 754 aeternas
1172 711 1312 754 habet.

999 798 1065 830 22.
1087 785 1215 828 Idem.

501 859 600 901 Non
612 858 756 917 justus
775 859 910 901 omnis
928 858 1140 902 abstinens
1157 858 1324 916 injurioe
1343 866 1421 910 est,

445 931 529 975 Sed
548 931 623 989 qui
641 947 790 974 nocere
804 946 902 974 cum
920 939 1058 990 potest
1078 940 1180 974 tunc
1199 931 1402 974 abstinet:

443 1004 534 1047 Nec
553 1003 627 1061 qui
644 1012 807 1047 recusat
825 1020 969 1062 parva,
987 1003 1060 1047 sed
1079 1004 1155 1062 qui
1173 1003 1367 1046 maximis

441 1078 647 1122 Tentatus
666 1078 794 1121 animi
812 1079 944 1122 robur
961 1079 1163 1122 invictum
1183 1078 1316 1136 gerit:

443 1154 534 1195 Nec
552 1153 742 1211 quisquis
760 1154 840 1196 ista
858 1153 1047 1212 quolibet
1065 1162 1239 1212 praestat
1258 1153 1407 1197 modo:

443 1226 528 1268 Sed
547 1226 622 1284 qui
641 1226 774 1269 dolosi
792 1227 955 1283 nescius
973 1226 1075 1279 fuci,
1095 1226 1260 1285 integra

442 1299 671 1352 Probitate,
685 1301 827 1357 justus
846 1316 948 1354 esse,
969 1316 1053 1344 non
1073 1300 1186 1343 credi
1207 1296 1360 1344 studet.

943 1387 1011 1430 23.
1034 1374 1276 1432 AEschqslus.

500 1445 640 1487 Bonos
660 1460 736 1487 nec
754 1445 843 1503 ipse
862 1444 893 1488 J
895 1446 1066 1504 uppiter
1085 1446 1243 1504 spernit
1263 1446 1392 1489 dolos.

962 1531 1030 1573 24.
1053 1519 1256 1562 Incertus.

500 1589 759 1648 iHipparchi
778 1591 982 1634 monitum
1000 1608 1010 1634 :
1036 1592 1205 1649 ‘pergite
1218 1592 1338 1650 justa
1355 1592 1485 1649 sequi.

994 1677 1061 1720 25.
1084 1665 1226 1708 Solon.

441 1736 732 1793 Mnemosynae
751 1737 978 1794 magnique
998 1738 1029 1779 J
1030 1738 1120 1780 ovis
1136 1738 1392 1781 sanctissima
1410 1739 1562 1797 prola,
1644 1747 1646 1753 ’
1680 1741 1684 1751 “

497 1807 711 1850 Exaudite
724 1823 867 1867 preces
886 1825 992 1868 quas
1010 1811 1114 1863 fero,
1137 1810 1348 1854 Pierides:

438 1882 502 1924 Ut
521 1881 672 1924 florens
691 1882 879 1926 homines
897 1883 1006 1927 inter
1028 1899 1198 1927 rumore
1218 1885 1402 1928 seeundo

495 1956 541 1997 A
560 1955 641 1998 Dis
659 1971 851 1999 concessa
868 1958 1146 2016 prosperitate
1162 1958 1304 2001 fruar:

438 2029 573 2080 Quem
593 2037 782 2072 metuant
799 2030 953 2083 hostes,
973 2039 1016 2074 et
1034 2046 1161 2090 quem
1176 2040 1405 2075 vereantur
1423 2033 1559 2086 amici,
1606 2088 1609 2092 ἡ

495 2101 580 2144 His
593 2101 820 2160 placidum,
841 2112 905 2146 ast
923 2103 1006 2146 illis
1023 2104 1189 2148 fortiter
1206 2105 1460 2148 horribilem.

436 2173 617 2216 Divitias
636 2174 833 2218 habuisse
852 2175 1001 2218 velim:
1034 2176 1108 2219 sed
1127 2192 1212 2220 non
1230 2178 1337 2220 bene
1348 2186 1498 2236 ‘partas

494 2248 594 2290 Non
612 2248 803 2306 cupiam:
837 2249 936 2292 seris
954 2264 1082 2308 poena
1099 2251 1215 2294 venit
1233 2251 1427 2310 pedibus.

439 2323 562 2365 Stant
575 2321 707 2365 veluti
727 2323 860 2366 solido
877 2323 996 2367 fultis
1013 2325 1236 2368 adamante
1247 2325 1453 2369 oolumnis

494 2396 594 2448 Hae,
614 2411 720 2454 quas
738 2396 849 2440 alma
867 2398 1007 2442 Deum
1026 2398 1163 2456 gratia
1180 2399 1324 2452 mittit,
1343 2414 1456 2458 opes,

435 2468 534 2510 Non
551 2467 679 2512 intrat
697 2469 805 2513 male
823 2480 946 2529 parta
965 2471 1138 2516 domum
1157 2472 1329 2516 fortuna
1347 2472 1531 2532 benigno

493 2543 692 2597 Lumine,
707 2546 781 2588 sed
795 2546 934 2590 vetitis
952 2547 1114 2591 artibus
1130 2548 1334 2607 implicita

436 2615 668 2661 obluctans
688 2620 898 2677 sequitur:
932 2636 1031 2665 mox
1052 2637 1138 2666 sese
1156 2622 1202 2665 in
1221 2622 1376 2665 damna
1393 2622 1586 2666 resolvit:

495 2691 570 2743 Et,
589 2692 706 2736 velut
725 2709 775 2736 ex
797 2709 928 2752 parvo
946 2695 1131 2739 nascitur
1149 2696 1246 2754 igne
1266 2711 1409 2754 roguS,

930 2852 938 2874 ἰ
953 2853 1051 2887 Refer
1064 2854 1105 2887 ad
1119 2853 1186 2888 Tit.
1204 2855 1270 2889 111.
