1780 3178
442 235 910 279 FLORILEGIUM.
944 236 1048 278 Trr.
1070 249 1141 292 37.

615 360 682 404 17.
702 349 951 407 AEschgqlus.
1008 389 1011 392 ᾗ

169 424 338 467 Afferre
356 424 513 466 damna
529 423 740 466 lubricum
759 423 918 481 linguae
937 423 1053 466 solet.

158 537 161 540 .
619 498 686 540 18.
706 498 938 540 Philemon.

170 571 424 629 Quicunque
441 571 543 614 dicit
561 571 617 614 ad
636 587 726 614 rem
744 587 843 629 quae
861 586 946 614 non
964 571 1191 629 pertinent,

113 647 236 688 Duas
255 645 421 688 locutus
441 645 636 703 syllabas,
658 645 849 703 prolixus
868 653 946 687 est.

113 722 178 762 At
196 720 529 763 benedicentem
548 735 601 761 ne
619 718 831 777 prolixum
850 718 1020 769 dixeris,

113 794 394 846 Quantumvis
413 793 526 836 dicat
543 793 679 835 multa
695 802 739 835 et
757 791 894 834 multo
914 799 1112 848 tempore.

113 868 188 910 Ab
209 869 400 910 Homero
419 882 536 909 sume
556 866 837 909 testimonium
858 864 960 908 tibi:

116 942 156 983 ls
174 956 272 983 cum
291 940 472 983 exararit
490 955 691 983 versuum
711 950 776 983 tot
794 939 938 992 millia,

117 1017 254 1058 Nemo
273 1024 336 1058 est
356 1017 595 1059 Homerum
614 1014 689 1072 qui
707 1013 920 1072 prolixum
934 1014 1109 1072 judicet.

466 1180 481 1200 ⁵
494 1172 796 1240 TITULUS
829 1171 1102 1229 XXXVII.

589 1288 665 1345 DE.
694 1286 979 1325 BONITATE.

634 1402 670 1432 1.
693 1389 946 1432 Menander.

179 1466 317 1507 Nemo
334 1464 409 1522 qui
427 1464 564 1506 bonus
582 1471 646 1506 est
662 1462 826 1505 facinus
843 1462 1065 1505 committit
1084 1461 1256 1504 malum.

694 1550 731 1582 2.
752 1537 891 1579 Idem.-

181 1614 319 1664 Quam
338 1611 516 1670 pulchra
533 1626 599 1653 res
617 1618 680 1653 est
696 1609 863 1653 bonitas
881 1623 979 1651 cum
997 1607 1233 1666 prudentia.

640 1696 681 1739 3.
709 1683 939 1740 Theognis.

123 1764 136 1788 1
149 1758 225 1800 Vir
243 1759 381 1801 bonus
398 1757 573 1800 immoto
591 1764 753 1799 constat
772 1755 850 1798 sibi
869 1754 1056 1813 pondere
1077 1754 1243 1805 mentis,

185 1835 461 1890 Fortunaque
479 1832 666 1874 animum
684 1837 821 1889 gestat
841 1838 1020 1886 utraque
1038 1843 1195 1886 parem.

128 1907 309 1950 Divitias
329 1907 407 1959 sin,
428 1908 585 1964 Cyrne,
604 1904 716 1948 malo
735 1905 845 1947 bona
863 1902 1039 1945 numina
1055 1901 1228 1952 donent,

186 1981 366 2039 Desipit,
388 1988 605 2037 acceptum
624 1993 701 2020 nec
719 1977 897 2019 retinere
914 1982 1065 2032 potest.

551 2063 592 2105 4.
615 2050 836 2108 kaocles
854 2048 1044 2090 Electra.

473 2123 579 2166 Vult
596 2123 733 2166 bonus
751 2135 890 2172 nemo,
910 2119 1019 2162 male

54 2221 59 2224 ·
132 2197 323 2242 Vivendo
341 2196 526 2239 delibare
544 2195 670 2237 famae
687 2192 877 2251 gloriam.
938 2221 942 2224 -

620 2292 622 2294 -
638 2277 679 2323 5.
702 2264 954 2307 Menander.

193 2343 400 2388 Monuisti
418 2350 583 2393 cuncta,
603 2355 702 2398 quae
719 2337 785 2380 tui
803 2335 926 2384 officii
945 2334 1054 2378 fuit:

135 2422 421 2464 Veruntamen
440 2416 543 2459 mihi
562 2414 699 2467 crede,
719 2422 770 2456 ut
788 2411 939 2455 faciam
957 2409 1075 2468 quod
1093 2409 1228 2460 decet,

138 2494 243 2537 Plus
260 2507 379 2535 meus
398 2499 461 2533 est
478 2499 625 2533 auctor
643 2487 747 2530 mihi
766 2501 871 2537 mos,
890 2499 1019 2542 quam
1038 2483 1118 2526 ista
1135 2482 1279 2525 oratio.

708 2562 748 2603 6.
769 2560 903 2602 Idem.

198 2639 273 2682 Vir
291 2639 427 2680 bonus
446 2637 488 2679 in
509 2635 652 2678 multis
670 2634 796 2677 rebus
815 2641 877 2676 est
896 2631 1094 2676 salutifer.

231 2799 242 2814 ·
258 2790 366 2823 Multa
379 2786 493 2820 referri
508 2789 645 2827 possunt
658 2784 700 2816 ad
714 2783 780 2816 Tit.
798 2782 824 2815 1.
985 2784 995 2802 ¹
1012 2780 1109 2813 Refer
1124 2780 1166 2813 ad
1179 2780 1248 2814 Tit.
1263 2781 1385 2812 xcvl.

1391 235 1446 291 89
