1780 3178
582 185 1015 231 INITIORUM.
1450 203 1536 248 339

61 295 168 338 ἀλλὰ
185 298 257 350 μὴν
279 300 296 338 ὁ
286 298 390 368 38,
400 298 482 342 62.

60 355 168 395 ἀλλὰ
184 356 257 407 μὴν
275 353 396 411 ὥσπερ
417 356 540 409 66,4.

60 413 167 452 ἀλλὰ
185 411 326 464 μήποτε
348 424 417 463 21,
429 423 498 467 27.

59 468 150 509 ἀλλ’
163 468 282 518 αξῖως
303 470 424 525 89,8.

58 527 166 566 ἀλλὰ
183 528 258 567 πᾶν
275 528 409 578 πλῆθος
434 540 471 579 1,
483 541 555 583 91.

6 580 7 598 ¹
58 583 166 623 ἀλλὰ
184 582 309 624 πάντα
331 596 509 641 110,25.

58 641 166 681 ἀλλὰ
185 642 319 689 παντὸς
338 645 488 694 μᾶλλον
510 654 580 694 20,
592 644 662 685 60.

57 698 164 738 ἀλλὰ
181 698 261 754 περὶ
283 699 384 740 τοῦδε
402 699 474 752 46,
484 701 556 756 96.

57 755 164 795 ἀλλὰ
185 760 324 810 πρῶτον
341 769 470 811 4,49.

56 812 147 854 ἄλλ
160 811 242 885 ἄρα
263 811 416 868 ἔρχεται
434 827 507 870 49,
513 826 584 870 32.

57 869 146 909 ἀλλ’
160 866 276 925 Ἄρης
294 873 395 922 φιλεῖ
410 881 485 927 51,
497 873 567 914 26.

57 925 165 967 ἀλλὰ
184 925 319 999 σχεδόν
337 944 374 968 τι
397 929 544 980 16,11.

56 981 163 1024 ἄλλα
182 1000 223 1024 τε
240 1001 313 1025 σσα
331 994 406 1040 50,
415 998 457 1040 9.

55 1042 164 1082 ἀλλὰ
183 1041 265 1097 τῆὃὲ
282 1059 331 1092 ἰι-η
353 1056 396 1098 9,
406 1045 479 1099 63.

55 1099 164 1138 ἀλλὰ
183 1098 223 1139 τι’
240 1097 299 1139 οὗν
315 1112 389 1154 49,
396 1113 470 1156 34

54 1157 161 1196 ἀλλὰ
180 1158 287 1197 τοῦτο
310 1173 373 1197 και
391 1170 464 1212 43,
479 1158 574 1199 106.

55 1213 163 1254 ἀλλὰ
184 1217 256 1254 τῶν
274 1213 445 1256 τοιούτων
463 1215 537 1268 46,
549 1227 647 1256 101.

54 1271 162 1310 ἀλλὰ
180 1275 253 1311 τῶν
268 1275 448 1326 χρηστῶν
467 1283 541 1327 37,
556 1285 623 1314 11.

55 1326 144 1368 ἀλλ’
163 1327 326 1401 Ἀχιλεῦ
348 1340 497 1381 2ο,4ι.

54 1385 160 1425 ἀλλὰ
176 1387 258 1442 xgr)
275 1385 413 1436 ταύτην
433 1399 583 1441 91,10.

53 1442 162 1482 ἀλλὰ
179 1444 258 1514 χρὴ
278 1442 340 1482 τὸν
362 1444 510 1498 123,8.

53 1499 144 1539 ἀλλ’
166 1497 242 1553 ἐγὼ
261 1498 446 1554 βούλομαι
439 1501 620 1599 649,48.

52 1556 143 1596 ἀλλ’
164 1555 240 1610 ἐγὼ
249 1573 337 1628 περι
357 1567 429 1612 74,
439 1558 509 1613 65

52 1612 144 1654 ἀλλ’
166 1615 196 1654 εἰ
214 1631 282 1666 μεν
301 1631 341 1663 ην
364 1626 542 1670 124,17.

18 1688 25 1694 ’
52 1669 144 1711 ἀλλ’
165 1668 262 1726 εἴπερ
284 1673 314 1712 εἰ
335 1672 486 1723 88,11.

52 1727 141 1768 ἀλλ’
164 1728 200 1768 ἓν
219 1727 364 1777 ἐκείνοις
381 1742 456 1784 49,
465 1730 536 1785 36.

51 1784 143 1826 ἀλλ’
163 1784 394 1839 ἐπιστάμεθα
412 1796 486 1840 54,
494 1796 566 1842 37

14 1893 17 1895 Β
52 1841 142 1883 ἀλλ’
164 1842 220 1883 ἐπὶ
236 1842 278 1882 τὸ
299 1852 369 1884 πλ.
390 1844 544 1896 62,40.

52 1899 142 1940 ἀλλ’
164 1899 369 1941 ἔσθ’ὄθίιν.
395 1910 543 1954 120,7.

51 1956 142 1997 ἀλλ’
164 1954 244 1997 ἔστι
265 1958 342 2013 γὰρ
364 1959 511 2009 122,8.

17 2024 22 2025 ’
52 2014 142 2054 ἀλλ’
164 2012 243 2054 ἔστι
264 2014 303 2064 δὴ
322 2023 446 2069 5,21.

16 2111 17 2114 ,
51 2071 142 2111 ἀλλ’
163 2073 318 2143 εὐγενεῖς
335 2073 404 2124 μὲν
424 2072 546 2128 87,9.

22 2139 24 2142 ’
51 2127 142 2168 ἁλλ’
163 2126 201 2168 εὗ
222 2126 338 2183 φέρειν
362 2128 541 2180 108,18.

44 2185 141 2225 ἀλλ’
163 2183 243 2240 ἔχει
263 2187 346 2226 τινὰ
370 2197 547 2242 122,13.

51 2242 143 2282 ἀλλ’
163 2242 227 2282 idm
247 2240 350 2291 φίλος
371 2252 493 2296 7Ι,4.

51 2299 141 2339 ἀλλ’
163 2302 183 2348 ἡ
203 2298 398 2348 ἀπληστία
418 2313 490 2356 93,
498 2312 523 2355 3
528 2313 570 2356 3

51 2355 143 2396 ἄλλ’
165 2354 226 2405 ἡὸυ
245 2372 300 2396 τοι
323 2368 470 2412 29,57.

18 2438 22 2442 ·
51 2413 142 2453 ἄλλ’
164 2411 280 2482 ἡμέρα
297 2413 370 2468 98,
382 2425 451 2456 22.

51 2469 143 2510 ἀλλ’
162 2468 280 2540 ἡμέρα
300 2487 355 2511 τοι
374 2487 462 2523 μετ.
482 2481 666 2569 8105,45.

51 2526 142 2567 ἀλλ’
164 2524 204 2576 ἦν
223 2527 287 2567 δ”
274 2525 350 2581 εγῶ
369 2528 524 2583 43,98.

50 2583 141 2624 ἀλλ’
161 2581 250 2633 ἡνίκ’
274 2596 451 2656 119,13.

19 2674 27 2679 .
51 2637 152 2689 ἄλλη
172 2640 258 2695 πρὸς
275 2638 373 2681 ἄλλο
393 2641 546 2696 56,14.

22 2698 30 2734 ἶ
51 2697 143 2737 ἄλλ’
162 2698 378 2769 Ἡρακλῆος
396 2709 520 2753 50,7.

24 2762 26 2770 “
52 2753 143 2794 ἀλλ’
168 2752 188 2803 ἢ
207 2754 250 2794 τὸ
265 2757 390 2824 γῆρας
414 2755 592 2810 116,38.

19 2810 142 2882 ἐἑᾶλλ’
164 2814 183 2860 ἡ
207 2810 371 2866 φρόνησις
389 2824 434 2867 3,
455 2823 522 2867 15.

31 2867 142 2917 [ἀλλ
165 2883 226 2908 ’Π
260 2884 339 2921 ²1²⁰·
361 2877 515 2923 79227·

20 2919 141 2965 Ῐᾶλλ
163 2924 200 2964 οἵ
214 2940 261 2978 γε
282 2925 354 2977 78,
358 2937 437 2967 -.10

830 303 921 343 ἀλλ’
942 305 974 343 οἱ
993 306 1118 350 κακῶς
1137 314 1182 355 4,
1195 314 1229 343 1.

829 360 919 400 ἀλλ’
942 358 1045 413 οἶμαι
1065 361 1107 400 τὸ
1130 371 1282 414 21,19.

829 418 918 458 ἀλλ’
937 415 1025 465 οἶνος
1044 415 1084 467 ἦν
1107 416 1232 471 18,7.

827 475 916 515 ἀλλ’
939 473 1193 546 ὀλιγοχρόνιον
1218 475 1314 526 116,
1324 487 1395 530 34.

828 531 918 572 ἀλλ
941 548 1036 582 ‘’f-⁶0⁰5
1057 541 1130 585 742
1141 543 1213 584 40.

827 589 916 629 ἀλλ’
939 605 1034 639 ομως
1054 591 1193 662 οἰκτρὸς
1212 601 1286 644 39,
1296 601 1339 644 5.

827 646 917 687 ἀλλ’
938 663 1035 698 ομως
1055 648 1105 686 τοὶ
1120 658 1165 698 4,
1171 656 1243 701 47.

827 703 917 749 ἀλλ’
937 701 988 743 στ’
1008 701 1053 744 ἂν
1073 703 1126 777 ἐς.
1148 703 1220 755 64,
1232 717 1271 745 2.

825 761 916 801 ἀλλ’
936 758 987 800 στ’
1007 778 1051 800 αν
1069 758 1091 817 ᾗ
1113 759 1185 817 83,
1197 761 1266 804 28

825 817 966 858 ἄλλοτε
978 819 1137 890 μητρυιὴ
1164 827 1259 872 105,
1267 818 1341 873 36.

825 874 915 915 ἀλλ’
937 872 988 915 στ’
1009 874 1065 914 ἐπι
1090 886 1187 927 124,
1201 875 1270 917 26

826 930 1057 986 ἀλλοτρίοισι
1084 945 1232 987 109,1.

826 988 916 1030 ἀλλ’
937 990 976 1029 οὗ
997 990 1074 1044 γσὶρ
1095 991 1208 1030 αὐδᾶν
1233 1000 1353 1044 Ι7,4.

824 1047 916 1087 ἀλλ’
938 1047 977 1086 οὐ
995 1049 1072 1102 γὰρ
1093 1047 1199 1103 ὀρθῶς
1219 1059 1290 1102 99,
1306 1047 1373 1088 16.

824 1104 914 1144 ἀλλ’
932 1104 1029 1144 οὐδὲν
1048 1103 1144 1160 ἕρπει
1171 1115 1238 1155 12,
1254 1116 1296 1147 2.

824 1161 914 1201 ἀλλ’
935 1160 1031 1200 οὐδὲν
1051 1165 1070 1211 ἦ
1092 1173 1216 1216 92,1.

824 1218 944 1258 ἄλλου
964 1215 1000 1257 δέ
1019 1234 1113 1266 τινος
1134 1218 1205 1272 67,
1219 1231 1287 1261 20.

824 1275 914 1315 ἀλλ’
935 1274 1011 1315 οὐδὲ
1031 1275 1072 1315 τὸ
1095 1285 1218 1330 9,57.

825 1332 912 1372 ἀλλ’
935 1329 1055 1372 οὔποτ’
1078 1341 1200 1385 74,4.

824 1389 913 1429 ἀλλ’
934 1386 1053 1429 οὔποτ’
1074 1390 1184 1436 αὐτὸς
1201 1392 1358 1444 43,16.

823 1446 914 1486 ἀλλ’
935 1447 974 1486 οὐ
992 1444 1118 1501 πρέπει
1137 1447 1213 1499 48,
1225 1459 1265 1490 2.

823 1503 914 1544 ἀλλ’
934 1519 1016 1543 ουτε
1035 1504 1092 1544 ἐπὶ
1117 1516 1213 1556 124,
1222 1516 1294 1557 42.

823 1561 913 1600 ἀλλ’
933 1576 1027 1600 ουτω
1045 1560 1215 1614 θεοφιλῶς
1234 1560 1385 1614 48,48.

823 1617 913 1658 ἀλλ’
933 1633 1026 1657 ουτω
1044 1634 1085 1659 το
1111 1618 1192 1659 116
1193 1632 1284 1671 ,,40

822 1672 950 1722 ἄλλως
970 1674 1006 1714 δὲ
1025 1674 1171 1715 πάντων
1191 1686 1264 1731 73,
1272 1685 1315 1730 5.

822 1732 913 1772 ἀλλ’
933 1747 1054 1787 ωσπερ
1075 1749 1106 1773 σι
1127 1743 1283 1786 4,117.

820 1786 949 1836 ἄλλως
969 1805 1010 1828 τε
1032 1807 1095 1829 και
1117 1800 1188 1843 74,
1199 1790 1269 1831 28.

821 1847 911 1886 ἀλλ’
931 1862 960 1884 ω
981 1845 1080 1897 φίλοι
1103 1859 1202 1902 113,
1212 1847 1253 1887 8.

820 1901 1024 1958 ἁλογιστίη
1051 1903 1130 1944 108
1134 1904 1228 1955 6,4.

821 1959 1029 2014 ἀλογίστου
1053 1960 1132 2002 108
1136 1973 1234 2016 ,.30

803 2015 956 2072 ro’t'Myot
983 2030 999 2058 1
1013 2029 1079 2068 10,
1094 2030 1161 2072 19.

820 2074 992 2125 Ἀλφειὸς
1013 2075 1083 2127 64,
1098 2088 1164 2129 19.

819 2131 953 2172 ἀλωτσὶ
971 2131 1113 2187 γίγνετ’
1132 2131 1282 2187 29,46.

819 2185 902 2240 ἅμα
922 2188 959 2228 δὲ
974 2195 1110 2244 χιτῶνι
1126 2188 1250 2245 32,8.
1295 2189 1445 2244 74,36.

820 2244 978 2296 αμαθῖην
998 2247 1045 2293 ὠς
1069 2246 1218 2301 18,32.

813 2301 1025 2373 ἁμαρτάνει
1043 2320 1100 2344 τοι
1118 2315 1256 2358 3,10.

813 2356 983 2412 Ἄμασις
1003 2362 1154 2401 Πολυκ.
1181 2372 1199 2400 1
1211 2373 1227 2400 1
1238 2371 1279 2410 2,
1294 2368 1358 2414 15.

814 2413 984 2468 Ἄμασις
1002 2416 1088 2470 πρὸς
1112 2430 1129 2458 1
1140 2429 1208 2468 24,
1215 2428 1288 2472 32-

820 2473 847 2512 οἱ
865 2473 1023 2527 μεγαλα
1040 2490 1104 2526 μοι
1126 2473 1276 2529 63,26.

821 2528 965 2582 ἄμεινον
987 2529 1132 2579 δικαίως
1155 2541 1277 2585 9,45.

822 2585 968 2639 ἄμεινον
986 2590 1030 2643 τῇ
1047 2589 1115 2628 ἀλ.
1135 2596 1180 2642 5,
1200 2599 1292 2638 104

821 2660 933 2696 αμερε
955 2627 1107 2695 64,22.

821 2716 848 2739 a
863 2702 914 2752 μὴ
936 2701 988 2740 δέ’
957 2718 984 2740 ει
1003 2703 1114 2741 ποιεῖν
1140 2713 1178 2750 1,
1198 2712 1268 2743 20.

822 2757 1018 2812 ἀμήχανον
1036 2757 1074 2797 δὲ
1095 2768 1168 2812 45,
1181 2770 1249 2812 15.

823 2813 1019 2869 ἀμήχανον
1039 2812 1097 2854 οὖν
1120 2826 1189 2868 74,
1198 2824 1271 2869 47.

823 2873 1011 2924 ἀμηχανῶ
1031 2871 1060 2910 δ’
1081 2871 1202 2925 76,2.

823 2925 989 2979 ἀμουσία
1008 2943 1063 2968 τοι
1090 2927 1205 2983 16,5.
1241 2939 1391 2982 113,3.

887 2997 911 3023 Z
940 2995 961 3025 2
