1780 3178
454 236 920 286 FLORIIAEGIUM.
951 238 1057 283 Τιτ.
1078 241 1148 285 62.
1403 249 1480 291 ¹41

693 359 758 406 15.
780 347 952 390 Ibidem.

216 424 374 468 Merito
391 422 598 482 reprendi.
648 422 897 473 Pesdmum‚
917 420 1040 472 servi,
1059 434 1195 478 genus

158 498 232 542 Nss
251 498 295 540 in
314 497 507 540 futurum
526 494 765 546 consulunt,
784 502 950 536 ventres
966 492 1085 535 meri.

699 572 765 612 16.
784 568 952 611 Ibidem.

218 646 470 703 Quicunque
488 640 666 688 dominis
685 642 884 685 exhibent
902 641 1010 684 servi
1030 640 1172 692 fidem,

164 719 348 763 Crudele
366 718 532 776 parium
550 715 760 759 concitant
776 714 922 757 odium
942 713 1031 756 sibi.

494 801 558 845 17.
579 788 821 832 Menander
839 788 1167 830 Praeaccusante.

224 867 290 908 Ita
307 865 371 908 uti
384 864 562 922 jubetur
579 861 752 919 exsequi
770 861 1026 904 tutissimum

169 942 300 983 Servo
317 954 420 990 esse,
440 946 600 980 veteres
617 935 861 994 praedicant.

534 1009 602 1051 18.
621 1007 859 1065 Euripides
877 1006 1131 1048 Akoeandra

229 1083 355 1126 Pravi
374 1082 529 1140 quibus
547 1096 632 1123 non
651 1080 828 1123 servitus
846 1078 1099 1137 expenditur

173 1158 369 1210 Ratione,
390 1156 463 1199 sed
481 1155 653 1198 fortuna
670 1169 737 1197 res
754 1153 971 1211 dijudicat.-

710 1242 776 1285 19.
798 1227 968 1270 Ibidem,

732 1302 735 1305 ’
749 1303 900 1344 Servos
917 1301 1029 1343 enim

178 1379 277 1422 Non
296 1376 400 1420 utile
420 1385 483 1419 est
499 1376 655 1419 habere
673 1375 748 1432 qui
766 1382 966 1432 proestent
982 1374 1104 1417 heris.

612 1462 678 1493 20.
701 1449 821 1491 Idem
839 1449 1078 1491 Alcmaetme.

240 1525 290 1567 In
310 1538 476 1567 servum
494 1522 636 1566 herilis
654 1537 807 1580 magna
823 1537 922 1580 pars
939 1521 1087 1564 recidit
1106 1521 1214 1564 mali.

625 1608 693 1640 21.
714 1595 834 1637 Idem
853 1594 1068 1637 Busiride.

243 1669 374 1711 Servo
390 1666 548 1725 profari
565 1666 796 1724 quamlibet
814 1681 961 1708 verum
979 1666 1110 1717 nesae,

187 1743 305 1785 Usus
322 1740 472 1783 heriles
489 1739 600 1782 ferre
618 1739 653 1781 si
671 1753 820 1782 verum
836 1748 1006 1797 negant.

625 1823 696 1856 22«
714 1812 834 1854 Idem
851 1812 1087 1854 Alomaeone.

249 1885 502 1943 Quicunque
519 1900 638 1928 servo
655 1886 817 1943 praebet
834 1901 957 1928 aures
975 1885 1185 1937 credulus,

195 1959 410 2018 Supplicia
427 1973 581 2016 magna
598 1957 725 2000 debet
742 1957 1047 2014 imprudentiae.

618 2043 686 2088 23.
709 2031 827 2073 Idem
845 2031 1102 2088 Emystheo.

427 2104 585 2147 Fidum
604 2103 679 2161 qui
698 2102 972 2146 ministerium
991 2102 1174 2154 exhibet,

199 2183 288 2225 Res
305 2180 374 2224 ille
391 2179 541 2222 heriles
558 2177 663 2222 celet
679 2186 723 2222 et
741 2186 918 2236 praestet
929 2177 1067 2220 fidem.

651 2264 722 2305 24
740 2252 859 2294 Idem
872 2252 1083 2294 Alcmena.
1414 2277 1417 2279 -

260 2327 446 2371 Domino
463 2324 714 2384 placendum
733 2332 819 2367 est:
850 2324 932 2366 hoe
950 2323 1061 2367 enim
1080 2339 1199 2367 servo
1217 2325 1400 2384 expedit,

206 2400 420 2458 Quicquid
436 2399 590 2443 laboris
607 2399 851 2456 imperatur,
867 2397 949 2441 hoc
967 2412 1054 2441 suae

209 2475 382 2518 Efficere
399 2473 498 2517 fidei
517 2471 724 2531 specimen
742 2479 869 2528 atque
888 2471 1115 2514 industriae.

669 2555 736 2601 25.
752 2544 870 2586 Idem
889 2544 1078 2586 Hecuba.

556 2621 595 2662 O
611 2619 782 2661 fortuna
800 2631 1013 2660 servorum
1032 2617 1154 2666 mala,

215 2694 447 2739 Necessitas
465 2708 572 2751 quos
587 2692 747 2750 subigit
764 2691 920 2735 audere
937 2689 1137 2748 improba.
