1838 3276
442 263 912 334 nomm-,cmm
941 286 1047 330 'rm
1072 289 1136 331 ιε.
1396 299 1455 346 59

514 459 850 531 ¹'1'1'TULUS
882 477 1080 527 xvm.

518 591 593 629 DE
620 587 1071 629 INCONTINENTIA.

655 697 692 727 1.
713 683 946 742 Sophocles.

189 760 305 814 Quid
322 760 402 803 ista
418 759 593 802 laudas?
623 756 815 815 quisquis
833 753 1044 811 immergit
1062 769 1178 796 mero

132 838 244 887 Sese,
263 835 313 878 fit
331 849 473 877 exsors
490 832 655 884 mentis,
670 839 799 888 atque
817 829 881 872 ira
898 828 1058 871 minor:

131 911 433 966 Quantumque
451 906 562 964 cepit
579 903 725 963 gaudii
744 902 886 946 dicens
904 900 1027 954 male,

131 983 251 1027 Male
268 981 479 1026 audiendo
491 981 590 1039 jure
609 977 873 1023 tantumdem
891 975 1018 1020 dolet.

643 1089 645 1091 .
671 1064 710 1096 2.
734 1050 936 1094 Soleo-ias.

190 1129 291 1172 Non
309 1136 373 1171 est
390 1125 605 1178 ferendum
624 1122 818 1182 quisquis
833 1121 962 1164 animi
980 1120 1141 1167 insania

132 1200 450 1246 Temulentiave
467 1207 623 1251 motus,
642 1197 778 1240 alieno
794 1194 911 1240 malo

134 1276 338 1335 Desipere
356 1275 487 1327 novit,
506 1273 705 1318 innocens
723 1285 886 1329 semper
905 1269 997 1313 sibi.
1076 1306 1078 1308 .

611 1358 654 1404 3.
674 1345 988 1391 Eratosthenes.

135 1422 421 1468 Tantumdem
439 1421 621 1464 flammae
641 1419 789 1462 vinum
807 1417 942 1460 valet:
974 1423 1102 1474 atque
1120 1414 1181 1459 ita
1197 1425 1349 1460 versat

195 1499 335 1549 Quem
355 1495 499 1547 subiit,¹
519 1493 733 1551 Libycum
751 1507 829 1535 ceu
843 1506 958 1536 mare
974 1490 1059 1533 fert
1076 1490 1248 1548 Aquilo,

139 1573 237 1614 Aut
253 1572 396 1614 Notus
413 1568 655 1613 imbricitor.
707 1565 868 1609 Mentis
886 1572 1044 1608 secreta
1060 1563 1254 1615 recludit,

196 1647 270 1688 Ex
286 1644 381 1687 imis
398 1643 586 1687 animum
606 1640 776 1684 sedibus
794 1638 1020 1682 excutiens.

648 1725 690 1767 4.
711 1712 963 1757 auenamder.

199 1789 394 1849 Inopiam
412 1786 564 1831 mentis
579 1786 664 1830 fert
683 1784 824 1828 temeti
842 1783 974 1842 copia.

709 1867 751 1915 5.
773 1858 904 1900 Idem.

204 1938 250 1982 Si
267 1938 375 1981 bene
392 1951 482 1980 rem
499 1934 725 1993 expendas,
745 1947 830 1975 non
849 1942 936 1975 tam
954 1938 1081 1989 potus
1099 1930 1220 1988 copia

146 2011 365 2071 Desipere‚
385 2024 514 2069 quam
532 2007 716 2067 potantis
734 2005 965 2064 ingenium,
985 2004 1100 2047 facit.

667 2083 707 2123 6.
729 2080 960 2122 Phikmon.

203 2168 227 2200 5
242 2157 358 2211 Quid
376 2155 515 2199 vivere
531 2170 640 2213 opus
658 2163 722 2197 est
740 2151 938 2196 nescienti
955 2151 1120 2194 vivere?

721 2237 762 2283 7.
781 2227 912 2269 Idem.

206 2306 272 2348 At
289 2303 436 2347 vinum
452 2302 497 2346 in
516 2316 642 2344 causa
658 2309 732 2343 est.
782 2300 947 2356 Nempe
964 2305 1070 2355 quot
1087 2305 1185 2340 sunt
1203 2296 1321 2349 ebrii,

151 2376 369 2435 Mancipia
386 2375 561 2419 totidem
578 2373 666 2416 vini
683 2371 818 2431 potati
837 2370 996 2429 aspicis.

751 2446 883 2488 Idem.

210 2524 270 2566 N.
292 2521 585 2579 Quodcunque
603 2519 683 2563 feci
701 2519 848 2562 vinum
867 2532 935 2560 me
951 2517 1087 2559 facere
1105 2514 1285 2572 impulit.

153 2598 207 2641 A.
228 2595 396 2640 Malum
415 2594 460 2637 id
478 2609 642 2637 necesse
660 2601 723 2634 est
740 2591 884 2633 vinum
904 2589 1046 2640 fuerit,
1067 2587 1301 2645 Nicophon.

156 2672 217 2715 N.
238 2669 531 2726 Quodcunque
548 2666 695 2710 viuum
714 2663 890 2708 nimium
904 2670 981 2714 est,
1000 2661 1080 2704 hoc
1097 2660 1189 2718 ipso
1206 2659 1364 2702 malum
1382 2668 1458 2702 est.
1509 2663 1512 2667 ’

204 2844 222 2864 ¹
236 2841 393 2883 Pleraque
406 2838 519 2872 referri
533 2840 671 2880 possunt
685 2836 726 2869 ad
739 2835 807 2868 Tit.
821 2835 879 2867 vl.
1009 2839 1026 2860 ν
1040 2831 1140 2865 Refer
1153 2831 1194 2863 ad
1208 2830 1279 2865 Tit.
1295 2830 1359 2863 111.
