1780 3178
376 305 459 340 212
774 294 1036 338 IOANNIS
1069 293 1307 338 STOBAEI

701 499 1003 549 TITULUS
1036 499 1383 550 LXXXVIII.

422 616 657 655 NOBILES
684 616 812 654 ESSE
840 615 940 663 QUI
966 615 1309 655 PARENTIBUS
1337 617 1530 655 PROBIS
1560 617 1650 656 Po-

555 686 829 726 TENTIBUS
857 686 968 725 AUT
998 685 1190 724 CLARIS
1217 686 1350 726 NATI
1378 687 1535 727 SUNT.

891 783 927 812 1.
948 770 1199 827 Euripides.

428 845 562 888 Avita
580 844 773 902 quamvis
791 859 870 887 nos
887 843 1149 901 reliquerunt
1167 844 1293 896 bona,

370 921 436 963 At
454 919 588 961 celsus
605 917 771 960 animus
791 925 835 959 et
853 917 983 964 decus
1001 916 1140 974 gentis
1158 925 1343 959 manent.

831 1003 870 1034 2.
891 991 1012 1032 Idem
1037 991 1262 1032 Temenisi.

426 1066 542 1108 Proh
562 1074 720 1123 quanta
738 1080 805 1107 res
823 1072 901 1116 est,
921 1078 1053 1121 quam
1072 1063 1216 1106 valens
1235 1063 1291 1106 ad
1310 1064 1502 1122 gratiam,

369 1140 496 1183 Claro
514 1147 687 1197 parente
706 1139 859 1180 ducere
879 1136 1088 1179 excelsum
1108 1152 1267 1195 genus:

369 1214 482 1255 Nam
501 1213 576 1270 qui
594 1211 716 1255 bonis
735 1219 798 1253 est
816 1218 956 1262 natus,
977 1210 1022 1252 in
1041 1225 1087 1252 re
1105 1226 1294 1268 paupere

370 1287 542 1328 Retinet
560 1286 778 1337 honorem,
798 1293 842 1326 et
860 1283 1021 1326 decoris
1039 1283 1202 1341 antiqui
1221 1299 1380 1327 memor

371 1361 468 1414 Sese
488 1360 577 1418 ipse
597 1367 743 1401 contra
762 1358 845 1401 tela
862 1358 1046 1400 fortunae
1065 1357 1200 1415 erigit.

834 1445 874 1488 3.
898 1432 1018 1473 Idem
1035 1432 1251 1491 Archelao.

428 1505 571 1547 Effare
590 1505 720 1547 nostri
741 1505 774 1547 si
794 1505 901 1562 quid
921 1504 1067 1547 auxilii
1085 1505 1270 1563 indiges:

370 1580 481 1622 Nam
502 1579 621 1636 signa
639 1579 802 1637 praebes
819 1595 972 1637 genere
992 1578 1188 1636 prognati
1206 1579 1329 1622 bono.

910 1652 972 1694 lb.
994 1653 1168 1695 Ibidem.

657 1727 748 1768 Nec
767 1725 827 1767 illi
849 1726 1021 1783 spiritus
1040 1725 1169 1768 celsos
1187 1726 1319 1783 patris

369 1799 533 1857 Rapuit
551 1799 775 1842 calamitas.

917 1885 958 1926 4.
982 1873 1158 1914 Ibidem.

426 1945 531 1987 Pars
551 1959 703 2002 magna
722 1944 821 1987 belli
840 1953 917 1998 est,
938 1945 1091 1988 inclitis
1110 1945 1340 2003 majoribus

368 2020 492 2061 Satus
511 2018 753 2075 imperator,
771 2019 885 2061 fama
903 2034 1031 2076 quem
1050 2019 1232 2062 celebrat
1250 2019 1371 2062 bona.

917 2107 962 2149 5.
983 2093 1158 2135 Ibidem.
1352 2140 1355 2142 ,

382 2204 385 2206 .
424 2162 570 2205 Virtus
589 2174 812 2221 parentum
833 2165 1023 2222 sequitur
1042 2165 1230 2208 haeredes
1248 2181 1367 2208 suos:

368 2235 474 2278 Plus
492 2236 591 2279 dote
611 2252 763 2294 magna
782 2237 933 2280 nobilis
952 2238 1139 2295 conjunx
1158 2239 1281 2282 valet.

842 2312 880 2352 6.
905 2311 1020 2354 Idem
1040 2313 1228 2355 Hecuba.

424 2384 626 2441 Egregia,
646 2384 681 2429 si
702 2400 788 2441 qua
805 2393 868 2427 est
887 2401 1039 2443 genere
1058 2386 1103 2428 in
1122 2387 1322 2439 humano,
1343 2395 1444 2430 nota
1462 2396 1539 2439 est,

367 2456 497 2499 Bonis
515 2457 669 2499 creari:
701 2457 908 2500 claritudo
927 2459 1106 2501 nominis

369 2528 557 2572 Sublime
577 2529 685 2572 tollit
705 2530 862 2573 nomini
882 2531 995 2574 claro
1013 2547 1145 2590 pares.

808 2612 845 2656 7.
872 2604 990 2646 Idem
1010 2605 1269 2646 Heraclidis.

426 2674 501 2715 Nil
521 2684 605 2716 tam
626 2674 823 2716 decorum
844 2675 998 2727 liberis,
1020 2692 1147 2733 quam
1169 2677 1413 2733 sanguinem

368 2746 489 2787 Bono
509 2762 559 2789 ex
580 2756 752 2804 parente
770 2748 923 2791 ducere
942 2758 983 2790 et
997 2748 1123 2805 jungi
1144 2749 1263 2790 bonis

370 2818 622 2860 Connubiali
642 2820 809 2862 foedere.
863 2821 996 2863 Haud
1016 2821 1141 2878 culpa
1160 2831 1279 2863 vacat
