1780 3178
300 300 384 333 220
714 285 971 329 IOANNIS
1003 285 1237 329 STOBAE'I

361 399 564 442 Humana
582 399 760 457 expleris
778 407 948 457 pectora
958 398 1147 448 *divitiiae

302 472 323 501 ¹¹
337 473 428 514 Nec
448 471 610 529 sapiens
629 471 793 514 animus
812 470 999 528 sapiendi
1019 480 1118 514 vota
1135 470 1349 529 relinquit,

355 549 445 589 Aut
466 562 508 589 se
527 545 734 589 doctrinis
744 544 948 587 exsatiare
966 552 1116 602 potest.

704 627 775 672 27.
796 617 1020 675 Sophocles
1039 617 1227 660 Aleacbis.

355 692 529 735 Divitiae
548 691 700 734 amicos
719 701 963 749 comparant
981 691 1254 734 mortalibus:

299 766 416 810 Exin
434 766 561 809 decus
580 766 845 823 famamque:
878 773 971 808 tum
990 765 1102 807 facto
1121 764 1258 823 gradu

299 841 376 883 Ad
395 840 503 883 celsa
521 839 702 882 tendunt
720 839 869 897 imperi
888 838 1079 898 fastigia:

297 915 387 957 Nec
406 913 618 957 invenitur
635 913 771 955 oderit
789 912 864 970 qui
884 912 1072 964 divitem,

297 991 387 1031 Aut
407 989 441 1031 si
459 987 554 1046 quis
572 987 663 1030 odit
681 986 778 1029 odia
797 985 1032 1029 dissimulat
1050 994 1201 1028 tamen.

297 1064 382 1105 Per
400 1061 513 1103 invia
531 1070 659 1118 atque
677 1060 822 1118 pervia
841 1075 894 1102 ex
915 1075 1045 1116 aequo
1058 1058 1217 1101 invenit

297 1136 392 1186 Qua
410 1141 598 1192 penetret
616 1148 780 1176 aurum.
832 1134 1004 1190 Pauper
1022 1140 1072 1175 ut
1092 1131 1146 1175 sit
1164 1130 1344 1174 maxime

297 1208 434 1260 Felix,
454 1206 580 1266 potiri
599 1217 698 1250 vota
716 1206 810 1264 quit
829 1221 1048 1264 nunquam
1068 1222 1155 1249 sua.

297 1284 362 1324 At
379 1297 451 1324 ore
469 1280 619 1333 foedos,
639 1279 807 1322 nomine
825 1279 1118 1337 aspernabileS,

296 1354 516 1406 Pulchros,
536 1353 725 1405 disertos,
746 1352 911 1395 inclitos
929 1366 1129 1394 nummus
1147 1351 1260 1395 facit.

294 1430 406 1472 Tum
425 1428 546 1471 facile
564 1427 681 1470 dives
698 1426 857 1485 gaudet
875 1434 951 1469 aut
970 1416 1118 1469 morbo
1136 1426 1280 1479 cubat,

294 1502 525 1560 Utcunque
543 1516 610 1544 res
628 1501 724 1553 fert,
746 1510 789 1544 et
808 1516 885 1543 sua
903 1500 1085 1544 occultat
1103 1500 1224 1543 mala.

762 1575 828 1618 28.
850 1574 969 1616 Idem
992 1574 1170 1617 Creusa.

350 1650 514 1691 Mirum
533 1648 650 1691 haud
669 1656 818 1705 putato
837 1656 955 1690 tanta
973 1647 1091 1704 quod
1110 1647 1217 1689 lucri
1238 1655 1352 1690 tenet

293 1723 385 1775 Me,
405 1738 495 1775 rex,
515 1721 681 1780 cupido.
733 1722 845 1763 Nam
867 1720 1023 1778 quibus
1043 1720 1142 1763 vitae
1161 1729 1274 1763 retro

291 1800 373 1841 Est
390 1798 517 1855 longa
535 1797 672 1848 series,
695 1804 834 1838 tamen
853 1796 1103 1838 inexhausta
1122 1795 1189 1838 siti

291 1873 483 1914 Lucrum
501 1870 773 1928 expetiscunt.
825 1871 992 1913 Cuncta
1010 1868 1205 1911 mortales
1223 1868 1381 1911 habent

292 1944 456 2002 Opibus
477 1943 668 1985 secunda.
722 1942 886 1985 Sanitas
904 1941 1049 1985 multis
1067 1941 1168 1984 boni

290 2019 371 2060 Est
391 2031 563 2059 summa.
616 2017 786 2072 Pauper
804 2024 849 2057 at
867 2015 1015 2072 nequit
1034 2031 1102 2057 me
1114 2014 1262 2072 judice

289 2092 421 2133 Recte
440 2089 576 2131 valere
593 2105 602 2131 :
636 2089 839 2130 sonticum
858 2088 938 2130 hoc
958 2087 1064 2130 adeo
1083 2097 1145 2130 est
1164 2087 1334 2130 malum.
1395 2096 1398 2098 ’

788 2173 855 2216 29.
875 2161 1127 2202 Menander.

344 2234 625 2293 Epicharmus
643 2233 743 2275 istos
761 2233 961 2291 praedicat
979 2233 1100 2276 nobis
1120 2234 1250 2285 Deos,

285 2311 474 2367 Aquam,
494 2309 648 2366 ignem,
671 2307 812 2359 solem,
834 2307 1042 2364 spiritum,
1063 2307 1216 2359 stellas,
1235 2306 1428 2349 humum.

287 2385 384 2440 Ego
403 2397 502 2424 vero
522 2382 637 2424 Deos
655 2380 837 2438 opiferos
855 2390 983 2438 atque
1002 2381 1207 2439 praestites

286 2458 459 2498 Aurum
478 2464 605 2512 atque
624 2464 846 2513 argentum
864 2455 985 2498 nobis
1006 2470 1094 2497 esse
1112 2454 1315 2513 intelligo.

286 2529 369 2571 His
389 2528 610 2571 dedicassis
629 2528 708 2570 rite
727 2528 760 2570 si
781 2538 897 2570 tuam
917 2527 1105 2580 domum,

287 2604 444 2658 Optato
464 2602 643 2660 quodvis
661 2603 896 2660 praemium,
918 2611 1110 2660 optatum
1130 2603 1264 2645 ferae:

285 2678 441 2734 Agros,
462 2677 625 2729 domus,
646 2677 859 2728 familiam,
880 2692 980 2719 vasa
998 2685 1208 2734 argentea,

731 2853 746 2875 δ
762 2852 860 2885 Refer
872 2852 914 2884 ad
930 2851 999 2884 Tit.
1014 2853 1171 2884 Lxxxl.
