1780 3178
427 199 430 202 ’
498 219 955 264 FLommemM.
985 221 1087 263 Tm.
1109 223 1178 279 63.
1422 235 1499 280 151

162 326 224 368 Et
245 341 343 384 quae
364 325 587 384 latipatens
605 341 730 370 orcus
748 333 877 378 tenet,
898 336 942 370 et
961 341 1075 370 mare
1094 343 1292 372 raucum:

161 399 358 457 Namque
377 400 530 443 horum
549 408 597 444 tu
616 400 731 444 solus
747 401 892 454 habes,
913 403 1033 444 Deus
1050 402 1173 455 alme,
1193 403 1411 461 gubernal.

163 473 290 515 Nunc
309 473 440 531 igitur
458 489 567 532 pura
584 490 683 517 cum
701 484 842 518 mente
860 474 1083 518 clientibus
1099 475 1225 528 adsis,

163 546 394 604 Cispellens
412 547 543 591 furias
561 564 789 606 pravaeque
807 547 992 591 libidinis
1010 558 1172 592 aestum.

706 623 966 665 Theocritus.

221 695 371 752 Nuper
390 695 433 737 in
452 695 622 738 alveolis
640 695 731 753 apis
749 695 943 752 improba
959 695 1067 738 laesit
1087 698 1304 748 Amorem,

161 769 279 810 Dum
301 768 417 811 furto
435 776 603 826 raptare
621 768 740 810 favos
757 776 893 826 parat.
944 768 1024 810 Ille
1043 777 1277 811 tumescens

160 842 192 883 J
193 857 262 884 am
281 841 437 900 digitis,
458 851 694 900 tractatque
710 857 882 885 manum
901 842 1112 900 sentitque
1129 841 1318 886 dolorem

161 917 224 958 Et
239 915 348 973 pede
366 916 585 959 subsiliens
605 925 757 959 terram
774 916 884 959 ferit.
934 917 1039 959 Inde
1056 917 1219 975 parenti

158 989 299 1033 Triste
335 990 492 1034 malum
531 1000 766 1034 monstrans
787 1006 901 1034 -cum
937 991 1121 1044 fletibus,
1162 993 1233 1034 En
1268 992 1376 1049 apiS,
1416 992 1477 1033 in-

277 1073 386 1121 ‘lust’

160 1138 348 1195 Corpore
367 1152 495 1194 quam
514 1153 647 1195 parvo
664 1153 795 1195 quam
812 1138 991 1196 grandia
1009 1138 1185 1181 vulnera
1203 1139 1312 1196 figit!

160 1211 392 1254 Subridens
410 1212 480 1255 cui
497 1221 654 1255 mater:
685 1213 798 1271 Apis
817 1228 903 1256 non
920 1229 1009 1256 esse
1026 1213 1208 1271 putabas

160 1287 228 1328 Te
247 1285 439 1338 similem,
455 1301 614 1344 parvus
631 1286 707 1344 qui
725 1287 903 1345 grandia
920 1286 1096 1329 vulnera
1113 1287 1233 1345 figis?
1315 1306 1321 1308 >

386 1361 690 1419 Argentarius.
713 1360 904 1418 [Anthol.
925 1361 1017 1404 Pal.
1038 1362 1122 1404 IX.
1145 1363 1263 1420 παι]

160 1432 299 1476 Miror
317 1433 360 1475 in
381 1433 460 1476 hac
477 1449 645 1492 gemma
662 1442 853 1492 spectans
870 1434 1052 1477 immane
1070 1434 1201 1477 leonis

217 1506 370 1549 Robur
388 1515 438 1549 ut
458 1506 619 1564 aurigae
636 1522 753 1549 more
770 1507 981 1564 gubernet
998 1509 1147 1550 Amor.

159 1580 242 1622 Illa
259 1596 409 1622 manus
425 1580 608 1623 fraenum
626 1580 752 1623 docta
769 1580 880 1638 regit
897 1590 1010 1624 arte:
1041 1582 1227 1640 flagellat

217 1655 307 1696 Ista
318 1654 482 1712 jubam.
533 1656 676 1697 Puero
694 1654 877 1698 blandus
894 1655 939 1698 in
957 1671 1030 1698 ore
1049 1655 1186 1699 decor.

158 1727 291 1768 Hunc
309 1743 389 1784 ego
406 1727 619 1770 crudelem
638 1736 793 1770 metuo.
844 1728 943 1770 Non
962 1737 1106 1785 parcet
1123 1728 1272 1786 opinor

215 1799 303 1842 Hic
321 1798 495 1851 homini,
508 1799 610 1856 ¹talis
627 1799 697 1842 cui
716 1800 806 1846 fera
824 1799 954 1843 ludus
972 1810 1074 1844 erat.

434 1876 646 1918 Inoa-tm.
668 1875 868 1932 [Anthol.
890 1876 981 1919 Pal.
1005 1878 1074 1920 11.
1100 1877 1215 1934 108.]

154 1949 187 1989 J
190 1947 372 2005 uppiter‚
392 1948 583 2006 Eripiam
603 1949 679 1992 tibi
699 1949 873 2007 spicula,
893 1950 1004 1993 dixit
1022 1951 1196 1993 Amori:

210 2020 300 2073 Ille,
320 2020 467 2063 Tona:
498 2021 575 2063 fies
593 2036 692 2064 cum
711 2022 810 2064 volo
828 2038 976 2065 rursus
994 2022 1100 2067 olor.

431 2094 647 2137 Leonides.
673 2093 875 2151 [Anthol.
895 2095 985 2138 Pal.
1008 2097 1067 2139 11.
1095 2098 1210 2155 179.]

66 2164 68 2168 ’
155 2166 401 2225 Teligerum
423 2167 530 2210 turis
548 2168 645 2226 quis
662 2168 844 2226 imagine
864 2169 988 2213 finxit
1006 2171 1226 2221 Amorem,

214 2240 344 2283 Illum
364 2241 439 2299 qui
458 2242 673 2299 quondam
693 2258 770 2284 nec
788 2244 819 2284 J
821 2244 900 2285 ove
919 2259 963 2285 se
981 2244 1210 2286 abstinuit?

153 2317 193 2357 O
213 2315 318 2358 bene
339 2315 529 2358 Vulcano
548 2316 665 2373 quod
678 2316 770 2373 jam
789 2316 917 2358 datur
936 2316 1007 2359 ille
1026 2317 1174 2368 videri,

210 2389 295 2440 Qui
315 2398 476 2431 tantum
499 2389 543 2431 in
562 2388 663 2431 lenti
683 2389 832 2432 debuit
850 2390 948 2447 igne
967 2391 1070 2448 rogi.

405 2465 644 2522 Antipater.
669 2463 870 2520 [Anthol.
892 2466 981 2507 Pal.
1007 2467 1094 2508 lX.
1116 2467 1237 2524 420]

153 2536 329 2578 Vmcere
348 2546 389 2578 te
408 2536 647 2595 lachrymiS‚
670 2537 955 2589 Telembrote‚
975 2539 1110 2581 credis
1130 2541 1352 2582 Amorem?

209 2597 394 2652 Tantillo
412 2619 550 2653 tantas
568 2609 721 2653 scilicet
740 2610 874 2653 imbre
891 2611 1026 2654 faces?

155 2684 329 2741 Semper
347 2683 498 2741 flagrat
516 2699 644 2726 amor.
695 2684 906 2742 Extingui
925 2685 1069 2727 nesciit
1087 2684 1157 2725 ille

213 2757 340 2798 Tunc
359 2755 499 2807 etiam,
520 2771 674 2813 magno
694 2772 791 2799 cum
812 2767 927 2799 satus
945 2757 988 2799 in
1007 2757 1158 2815 pelago
1176 2766 1249 2798 est.

791 2844 866 2882 L4
