1780 3178
336 268 419 311 262
734 264 998 309 IOANNIS
1031 260 1276 304 STOBAEI

796 389 833 433 74
855 378 974 420 Idem
999 376 1225 420 Temenisz'.

396 453 583 512 Egregia
604 468 715 510 saepe
734 460 864 494 semet
883 465 1071 493 exserere
1090 447 1250 494 indoles

340 531 463 572 Duro
482 528 687 571 malorum
707 541 849 584 pressa
865 523 1084 571 dominatu
1105 522 1263 579 nequit.

779 599 817 641 8.
840 589 1083 644 Menander'
1102 596 1248 638 Ine-ito.

401 676 445 719 Si
467 676 563 733 quis
583 676 773 717 Deorum
787 673 877 731 jam
897 671 1000 715 mihi
1019 670 1146 722 dicat,
1169 671 1314 721 Grato,

343 749 428 793 Ubi
448 749 578 791 vitam
597 748 769 790 functus
787 746 918 791 fueris
935 744 1051 791 vives
1069 743 1224 795 denuo,

342 825 402 867 Et
421 824 495 866 fies
512 821 695 880 quidvis,
715 820 872 871 hircus,
893 828 968 861 aut
987 818 1114 869 canis,
1135 825 1210 859 aut
1229 816 1333 867 ovis,

343 900 512 956 Equus,
531 897 659 938 homo
678 894 884 952 denique:
916 907 1014 936 nam
1032 890 1306 938 revivendum
1327 889 1403 932 tibi
1423 898 1508 931 est:

349 973 419 1014 Ita
437 971 526 1013 fata
546 969 749 1012 sciscunt:
781 975 883 1025 opta
900 981 1029 1024 quam
1049 965 1179 1007 vitam
1196 963 1319 1006 velis:

347 1044 553 1087 Dicturus
571 1042 717 1084 videor
735 1040 859 1092 illico,
882 1041 970 1082 Fac
988 1054 1056 1081 me
1075 1037 1298 1096 quidlibet,

347 1120 467 1160 Dum
487 1133 540 1159 ne
558 1115 770 1158 hominem
789 1113 928 1157 facias.
979 1114 1130 1156 Unum
1149 1111 1195 1153 id
1214 1110 1474 1155 animantum
1500 1107 1687 1151 omnium

350 1192 449 1235 Sine
467 1190 616 1233 merito
634 1189 763 1231 habet
781 1188 996 1239 fortunam
1015 1195 1091 1229 aut
1109 1184 1400 1228 infortunium.

351 1267 577 1323 Equorum
597 1272 647 1305 ut
665 1261 845 1320 quisque
863 1260 986 1304 fortis
1003 1270 1080 1312 est,
1096 1258 1283 1304 curatius

352 1338 551 1380 Habetur
570 1336 666 1378 alio.
717 1333 880 1377 Velox
870 1349 914 1376 m
934 1332 1071 1391 pretio
1089 1331 1203 1375 canis

354 1411 519 1468 Majore
539 1419 615 1461 est,
636 1423 764 1466 quam
782 1407 995 1465 projectus
1012 1405 1202 1463 ingluvie
1219 1414 1347 1462 atque
1366 1404 1486 1446 iners.

353 1485 593 1528 Generosus
611 1483 769 1525 fruitur
787 1481 925 1540 gallus
940 1480 1156 1539 praecipua
1173 1479 1298 1537 dape,

353 1562 502 1617 Atque
521 1559 634 1601 ultro
653 1558 831 1616 ignavus
851 1557 956 1607 alter
974 1557 1181 1614 potiorem,
1200 1554 1331 1597 timet.

355 1637 501 1677 Homo
521 1633 554 1676 si
573 1633 669 1691 quis
688 1642 750 1675 est
769 1632 876 1674 bene
895 1639 1034 1682 natus,
1055 1630 1234 1679 eductus
1251 1629 1398 1687 probe,

357 1710 482 1751 Caste
501 1716 702 1758 moratus,
723 1705 888 1749 nullum
907 1703 1091 1762 pretium
1111 1703 1191 1748 hoc
1211 1702 1351 1747 seculo
1369 1711 1447 1745 est.

357 1783 521 1825 Primas
538 1781 582 1823 in
603 1780 690 1822 vita
707 1780 836 1823 habet
853 1787 1097 1829 assentator,
1117 1777 1268 1830 alteras

358 1855 667 1903 Calumniator3
699 1862 743 1896 at
762 1852 971 1910 malignus
990 1851 1146 1897 tertias.

356 1931 527 1983 Quanto
546 1929 709 1971 asinum
729 1927 820 1972 fieri
839 1926 970 1976 satius
987 1941 1116 1983 quam
1135 1924 1336 1973 intuerier

359 2004 531 2062 Pejores
550 2018 592 2045 se
610 1999 891 2060 pollucibilius
910 1999 1069 2042 vivere!
1098 2005 1101 2008 “

879 2087 918 2129 9.
947 2073 1176 2131 Theognis.

362 2152 483 2208 Saepe
503 2149 670 2207 repulsa
689 2149 820 2190 bonos
841 2147 1054 2204 sequitur3
1088 2145 1321 2202 stultosque
1341 2146 1555 2203 malosque

420 2224 675 2267 Circumstat
694 2221 844 2267 studiis
862 2220 1135 2277 obsequiosus
1148 2220 1293 2262 honor.

927 2308 989 2336 10.
1007 2294 1137 2336 Idem.

362 2369 543 2413 Divitias
562 2369 637 2411 dat
656 2384 766 2426 saepe
784 2368 903 2412 malis
922 2369 1064 2417 Deus:
1097 2378 1141 2409 at
1160 2382 1236 2409 nec
1253 2367 1395 2418 amicis

420 2444 537 2496 Ulla,
558 2459 633 2486 nec
654 2443 750 2485 hinc
770 2442 870 2499 ipsis
888 2441 1072 2491 nascitur
1092 2441 1264 2483 utilitas.

364 2521 602 2577 Perpetuus
621 2517 788 2560 virtutis
807 2517 950 2563 honos.
1002 2516 1078 2559 Vir
1097 2525 1263 2573 pectore
1283 2515 1383 2558 forti

422 2591 661 2635 Incolumes
681 2601 810 2636 terras
829 2591 1023 2649 praestitit
1043 2600 1084 2633 et
1105 2590 1295 2648 populos.

806 2679 819 2706 1
838 2678 870 2706 1.
892 2665 1114 2721 Sophocles
1133 2665 1259 2706 Alete.

424 2738 564 2780 Malos
582 2738 765 2795 profanis
785 2747 972 2795 prosatos
991 2738 1249 2795 genitoribus
