1780 3178
329 248 412 296 154
727 236 984 280 IOANNIS
1015 236 1260 279 STOBAEI

327 346 371 389 Si
390 345 559 388 flentem
577 343 720 387 videas
737 358 791 386 ne
810 343 1017 402 decipiare
1035 352 1193 387 caveto.

326 418 552 463 Subridet?
584 425 702 460 tanto
721 417 840 460 trahe
857 417 1021 460 fortius.
1073 417 1229 460 Oscuia
1247 417 1377 460 libat?

325 492 481 536 Oscula
498 492 581 534 sint
600 500 813 548 suspecta:
846 490 1018 533 madent
1036 499 1079 533 et
1096 490 1215 533 labra
1232 506 1403 534 veneno.

327 568 436 609 Haec
455 581 557 623 cape
575 580 673 622 quae
691 572 825 622 gesto,
845 563 922 606 tibi
942 564 1012 615 do,
1035 564 1069 606 si
1088 564 1256 617 dixerit,
1276 581 1406 617 arma,

324 641 392 682 Ne
411 654 534 696 cape:
568 637 698 679 tincta
717 636 816 679 feris
835 636 988 680 etenim
1009 646 1109 680 sunt-
1126 638 1268 681 omnia
1284 638 1473 681 flammis.

595 713 803 755 Incertus.
827 710 1026 767 [Anthol.
1049 712 1140 755 Pal.
1162 713 1248 756 IX.
1274 715 1390 773 157.]

327 789 419 831 Cur
438 788 558 829 Deus
577 794 683 828 esset
702 786 863 827 Amor?
894 801 970 828 nec
989 785 1101 828 enim
1120 787 1230 829 mala
1248 787 1360 830 facta
1379 789 1569 830 Deorum

384 861 617 903 Novimus:
650 859 836 902 humano
855 859 1058 917 sanguine
1076 860 1237 917 gaudet
1255 877 1385 904 amor.

327 937 426 979 Non
446 943 605 977 armata
623 933 796 990 quidem
813 932 956 991 gladio
975 948 1147 976 manus:
1179 942 1223 977 et
1242 943 1381 977 tamen
1400 951 1508 986 ecce,

385 1011 493 1061 Quae
513 1008 630 1050 dedit
649 1007 820 1049 immani
839 1007 989 1051 funera
1008 1007 1178 1050 saevitia.

328 1086 493 1128 Stratus
512 1082 623 1125 enim
642 1097 740 1124 cum
759 1090 892 1124 matre
911 1097 1019 1140 puer
1032 1082 1160 1139 jacet,
1181 1090 1225 1125 et
1244 1097 1371 1140 super
1389 1081 1502 1140 ipsos

383 1157 459 1210 Vir
478 1155 597 1199 saevis
616 1155 806 1213 lapidum
819 1155 1005 1213 jactibus
1024 1155 1192 1199 interiit.
1278 1159 1282 1161 ’
1336 1158 1339 1161 “

326 1233 426 1274 Non
445 1245 553 1288 opus
571 1229 845 1280 hoeMartis5
861 1229 1050 1272 Ditisve:
1085 1230 1310 1288 Cupidinis
1328 1245 1451 1273 omne
1471 1238 1548 1273 est.

385 1303 554 1347 Cernite
573 1318 660 1360 quo
679 1302 777 1345 lusu
795 1302 981 1360 gaudeat
999 1302 1071 1345 ille
1090 1318 1209 1360 puer.

609 1377 840 1418 Lucimnus.
863 1375 1066 1432 [Anthol.
1089 1376 1179 1418 Pal.
1203 1377 1266 1419 X.
1288 1378 1378 1435 29.]
1457 1391 1465 1404 ·

324 1452 423 1493 Non
443 1449 616 1492 Veneris
630 1464 737 1506 puer
757 1457 819 1492 est
838 1449 955 1491 laedit
973 1449 1048 1506 qui
1067 1449 1209 1502 corda,
1232 1450 1306 1492 sed
1324 1450 1444 1493 illum

384 1523 624 1566 Praescribit
642 1523 753 1565 vitiis
773 1539 890 1566 mens
905 1524 1014 1566 male
1034 1540 1134 1567 sana
1153 1525 1250 1567 suis.

459 1597 626 1639 Paulus
646 1597 938 1639 Silentiarius.
963 1596 1161 1653 [Anthol.
1175 1598 1274 1640 Pal.
1298 1599 1385 1640 IX.
1405 1600 1524 1655 443.]

327 1672 395 1713 Ne
415 1669 566 1712 Veneri
585 1669 746 1727 pandas
763 1669 892 1711 animi
911 1670 1123 1727 penetrale
1142 1679 1311 1713 caveto:

385 1745 497 1803 Nam
517 1743 631 1786 ferus
650 1759 677 1785 a
695 1743 805 1785 duro
824 1743 950 1786 corde
970 1744 1146 1787 resultat
1164 1760 1296 1787 amor.

327 1818 540 1862 Lubricus
558 1817 628 1860 ille
647 1819 778 1861 furor.
830 1818 1012 1862 Minima
1030 1819 1098 1862 vel
1120 1828 1240 1877 parte
1257 1828 1424 1877 recepta

385 1894 604 1950 Ignescens
623 1907 750 1935 venas
769 1900 859 1935 tota
877 1892 1030 1950 sagitta
1049 1892 1174 1936 subit.

326 1967 416 2009 Nec
437 1981 530 2024 spes
549 1974 797 2023 corruptum
818 1973 859 2008 te
878 1965 1084 2008 mulceat:
1117 1966 1258 2009 influit
1276 1966 1350 2009 illa

384 2039 576 2083 Pascenti
599 2055 726 2082 venas
744 2039 842 2097 igne
861 2040 1030 2083 trahens
1049 2040 1248 2083 animum.

599 2114 806 2156 Incertus.
830 2111 1031 2169 [Anthol.
1051 2113 1143 2156 Pal.
1168 2115 1257 2156 IX.
1278 2115 1402 2171 497.]

384 2188 588 2229 Amorem
608 2186 763 2229 esuries
782 2186 914 2229 tollit:
948 2187 1010 2229 sin
1030 2186 1183 2239 minus,
1204 2186 1315 2229 dies:

327 2260 453 2312 Quod
474 2260 507 2302 si
527 2276 602 2302 nec
622 2260 727 2312 haec,
748 2275 824 2302 nec
843 2260 923 2303 ista
941 2260 1153 2303 flammam
1173 2261 1412 2313 extinxerit,

327 2332 507 2376 Nullum
527 2332 759 2375 remedium
780 2341 969 2390 superest
988 2333 1066 2375 nisi
1087 2333 1373 2390 suspendium.

869 2407 1129 2449 Theocritus.
1370 2408 1371 2416 ¹

384 2480 517 2523 Nulla
537 2479 775 2537 Cupidineo
794 2479 940 2522 melior
959 2479 1165 2523 medicina
1182 2480 1331 2531 furori,

328 2554 463 2606 Nicia,
485 2569 568 2596 non
588 2553 792 2611 quicquid
811 2553 951 2611 spargi
970 2563 1083 2611 pote,
1104 2554 1308 2617 quiequid
1327 2554 1490 2611 inungi,

328 2629 465 2679 Quam
486 2627 629 2670 dulces
649 2629 803 2670 Musae.

904 2700 1078 2742 Ibidem.

617 2773 868 2831 Languebat
889 2772 1058 2816 tabidus
1078 2772 1161 2825 ille,
