1780 3178
359 269 447 314 304
708 280 710 282 >
784 235 1036 301 loANle
1069 255 1308 300 s‘ronm

857 385 899 427 5.
917 372 1206 416 Archilochus.

416 444 603 487 Mortuis
621 443 838 487 convitiari
856 452 949 489 noti?
961 444 1060 491 sinit.
1077 444 1142 487 fa's
1156 453 1205 505 fet
1223 444 1359 502 pium.

751 518 790 560 6.
811 518 1051 576 Euripides
1070 517 1304 577 Antigona.

418 591 540 633 Mors
552 591 794 648 jurgiorum
811 591 907 634 finis'
926 600 989 634 est
1007 590 1278 634 mortalibus:

357 664 469 705 Nam
489 664 626 721 majus
645 664 762 706 aliud
781 664 886 722 quid
904 669 1044 722 p'otest
1062 664 1177 707 letho
1196 663 1315 706 dari?

358 737 520 779 Molem
541 737 635 794 quis
655 747 796 779 autem
817 747 984 780 saxeam
1003 737 1124 780 hasta
1141 738 1366 780 verberans

359 811 479 854 Cieat
498 811 699 863 dolorem,
721 820 988 854 mortuumve
1007 811 1172 869 injuriis

360 886 532 928 Frustra
549 885 751 928 lacessens
769 885 886 928 nulla
905 897 1127 928 sensurum
1144 886 1279 929 mala?

779 970 818 1013 7.
836 959 1068 1016 AEscltylus
1087 960 1282 1002 Hectore.

418 1033 527 1074 Fato
546 1032 743 1089 peremtis
762 1041 809 1074 tu
829 1032 936 1074 bene
954 1047 1009 1074 an
1027 1032 1155 1083 facias
1173 1032 1282 1074 male

358 1107 462 1165 Ipsis
481 1106 655 1164 perinde
674 1115 737 1148 est
756 1115 884 1163 atque
904 1106 1168 1149 tantumdem
1188 1105 1314 1158 valet,

359 1180 443 1231 Qui
463 1196 537 1222 nec
558 1179 721 1222 dolores
740 1179 926 1224 sentiunt
945 1194 1021 1222 nec
1039 1179 1207 1237 gaudia.

358 1255 416 1296 At
436 1269 589 1311 magna
606 1253 796 1295 Nemesis
815 1253 912 1310 plus
930 1265 1011 1310 ope
1029 1253 1214 1296 humana
1234 1252 1366 1296 valet:

362 1329 515 1370 Poenas
534 1327 713 1385 reposcit
732 1327 804 1369 illa
823 1326 1012 1369 defuncti
1030 1326 1181 1369 vicem‹

723 1399 762 1442 8'.
785 1401 1023 1458 Dionysius
1044 1390 1334 1458 Smpimrice.

419 1475 540 1515 Mors
558 1482 620 1515 est
641 1472 854 1530 sequestra
871 1473 1032 1515 litium:
1063 1487 1161 1515 nam
1180 1473 1255 1531 qui
1275 1470 1402 1531 prius
1459 1487 1461 1489 ’

361 1547 516 1598 Odere,
537 1546 672 1589 eidem
693 1556 826 1590 morte
846 1547 1066 1590 defunctos
1084 1556 1237 1590 amant.

745 1633 787 1677 9.
809 1621 1048 1678 Euripides
1068 1621 1316 1663 Phoenissis.

419 1694 504 1735 Fas
523 1708 704 1750 namque
723 1693 856 1751 poscit
875 1694 1053 1737 mortuis
1071 1706 1157 1736 non
1175 1703 1363 1737 mortuos

362 1764 510 1807 Officia
529 1765 664 1807 facere
683 1765 868 1807 manium
890 1766 1132 1809 reverentia.
1199 1756 1207 1761 f

885 1852 947 1881 10.
969 1840 1184 1882 Timocles.

421 1912 611 1970 Benigna
631 1913 820 1970 sequitur
839 1924 1027 1956 mortuos
1046 1913 1278 1956 miseratio:

361 1985 488 2027 Vivos
507 1985 736 2042 malignum
756 2000 912 2027 numen
931 1985 1173 2027 invidentia.

747 2071 763 2098 1
777 2071 813 2098 1.
836 2058 1057 2115 Sophocles
1077 2054 1311 2101 Larissaeis.

647 2131 837 2173 Mortuis
856 2131 973 2173 vivos
992 2131 1112 2174 decet

364 2206 541 2248 Auxilia
559 2205 682 2257 ferre,
704 2205 863 2262 quippe
882 2204 1107 2248 morituros
1125 2205 1237 2247 item.

696 2291 759 2323 12.
782 2279 1068 2322 Mimnermus
1088 2280 1370 2337 Neoptolemoa

422 2355 580 2395 Omnes
597 2352 696 2394 viris
716 2352 896 2394 solemus
915 2351 1213 2395 excellentibus

365 2426 518 2468 Livere
537 2426 656 2476 vivis,
676 2425 853 2468 mortuis
871 2425 1038 2468 laudem
1059 2425 1171 2468 dare.
1247 2465 1255 2471 .,

799 2504 866 2555 13.
888 2499 1109 2557 Sophocles
1127 2500 1267 2556 Ajace.

423 2572 632 2623 Menelae‚
653 2581 748 2629 post
766 2580 830 2614 tot
848 2571 960 2614 dicta
980 2572 1200 2630 sapienta-3
1221 2587 1320 2615 cave
1348 2611 1357 2618 ,

367 2648 603 2705 Injuriosus
622 2647 675 2689 sis
694 2647 736 2689 in
756 2647 966 2690 hominem
987 2656 1213 2690 mortuum.

891 2734 954 2774 ¹4·
977 2721 1180 2763 Moschio.

427 2795 628 2844 Quaenam
652 2793 844 2850 voluptas
864 2803 1050 2836 mortuos
1070 2794 1269 2836 incessere
