1838 3276
391 280 467 336 '42
814 282 1072 330 10ANN1s
1104 281 1343 327 sTOBAEI
1404 325 1406 328 ,

746 398 784 439 8.
813 397 1060 440 Theodectes
1079 396 1406 458 Beuercphonte.

469 474 508 514 O
529 470 603 528 qui
622 470 819 513 micantes
838 468 1020 527 explicas
1038 469 1217 512 flammis
1236 485 1374 513 comas

412 545 485 589 Sol
504 545 625 597 alme,
642 544 785 602 generi
804 543 927 586 dulce
945 544 1110 587 mortali
1123 544 1268 602 jubar,

410 622 716 677 Quenquamne
735 626 852 660 tanto
870 617 1073 665 traditum
1093 617 1320 661 discrimini

411 695 584 754 Litique
602 694 757 752 iniquae
776 693 918 741 lumen
936 693 1100 752 aspexit
1119 695 1268 736 tuum?

411 771 488 811 Me
507 784 688 826 namque
706 767 857 810 mulier
869 767 1015 826 judice
1029 775 1198 810 accusat
1215 766 1332 810 viro:

409 842 620 900 Quodque
638 842 899 884 innocentem
919 841 1100 884 maxime
1118 856 1286 884 causam
1305 851 1468 898 gravat,

410 914 615 958 Dominos
634 914 787 958 habere
805 930 933 973 cogor
949 915 1219 959 adversarios.

886 1003 926 1046 9.
947 989 1265 1047 Aristcsphtmes.

467 1062 596 1103 mvos
615 1061 689 1119 qui
707 1061 936 1119 publicitus
953 1062 1139 1120 accipitis
1158 1062 1319 1114 salaria,

409 1133 626 1176 Animitus
643 1134 812 1192 privum
832 1134 1012 1193 quisque
1030 1135 1234 1193 respicitis
1251 1135 1416 1178 lucrum
1430 1152 1439 1177 ε

409 1209 497 1251 Res
517 1221 679 1250 summa
696 1207 854 1251 interea
870 1208 1050 1270 vertitur
1069 1217 1270 1266 umquam
1291 1209 1495 1252 AEsimus.

815 1294 883 1323 10.
897 1282 1118 1325 Hesiodus
1141 1283 1360 1339 Operibus.

466 1356 573 1406 Quae
593 1368 677 1396 non
696 1362 819 1411 rapta
836 1353 964 1397 datur
982 1353 1185 1397 divinitus
1202 1362 1266 1397 est
1285 1354 1431 1397 melior
1450 1370 1525 1397 res.

948 1441 967 1471 1
977 1440 1016 1471 1.
1035 1427 1205 1471 Ibidem.
1522 1411 1531 1424 ⁶

467 1503 569 1544 Heu
589 1500 742 1553 miseri,
762 1500 957 1558 ignorant
974 1510 1136 1560 quanto
1155 1502 1420 1559 praestantior
1437 1518 1526 1549 asse

407 1575 471 1618 Sit
489 1575 632 1618 semis:
664 1584 871 1632 quantum
890 1575 1087 1633 lapathus
1098 1576 1237 1634 juvet,
1257 1576 1474 1634 herba‘que
1491 1577 1659 1625 malva&
1684 1590 1687 1591 ’

944 1661 1009 1694 12.
1030 1649 1201 1692 Ibidem.

464 1724 531 1766 Ne
551 1723 658 1767 male
676 1723 871 1766 lucreris:
903 1724 1015 1766 mala
1031 1724 1149 1768 lucra
1166 1724 1346 1783 aequalia
1360 1740 1494 1774 noxae.

879 1812 947 1856 13.
967 1800 1272 1857 Epicharmus.
1420 1813 1422 1815 ·

460 1873 506 1914 A
526 1886 654 1914 manu
673 1887 821 1915 manus
838 1872 1037 1916 fricatur:
1067 1873 1126 1916 da
1145 1874 1264 1932 quid,
1286 1883 1329 1917 et
1345 1875 1450 1932 quid
1469 1875 1620 1933 accipe.

771 1958 835 2000 14.
858 1947 1133 2006 Bacchylides
1152 1949 1367 2007 Epinicio.

462 2021 618 2062 Verum
638 2020 775 2063 dicere
795 2020 829 2062 si
849 2020 975 2073 sinor,

402 2094 605 2146 Quamvis
622 2095 839 2152 egregium
858 2095 1032 2139 trahunt

403 2169 594 2210 Mentem
614 2168 843 2210 commoda.

907 2253 971 2299 15.
994 2239 1226 2286 Pindon-ias.

458 2314 650 2357 Vincitur
668 2314 869 2372 sapientia

402 2387 533 2429 Lucri
551 2387 762 2445 compede.

805 2461 869 2503 16.
890 2461 1106 2506 Hesiodea
1128 2464 1342 2521 Opmbus.

456 2533 627 2576 Donare
646 2534 876 2592 egregium,
897 2545 1043 2594 raptus
1062 2537 1198 2580 malus
1217 2547 1260 2581 et
1278 2538 1390 2581 necis
1408 2548 1563 2582 auctor.

398 2606 509 2648 Nam
530 2608 771 2666 quicunque
791 2609 907 2653 dedit
926 2612 1118 2668 quamvis
1136 2612 1322 2670 ingentia
1340 2611 1465 2664 dona,

398 2680 492 2738 Ipse
512 2681 589 2725 sibi
609 2683 746 2741 placet
763 2694 806 2728 et
824 2685 968 2728 subter
987 2687 1217 2744 praecordia
1229 2687 1411 2746 gaudet:

873 2846 895 2861 ¹¹¹
911 2840 1010 2872 Refer
1025 2841 1065 2872 ad
1080 2841 1148 2873 Tit.
1166 2842 1287 2874 XLvl.
