1780 3178
395 291 476 332 180
795 289 1050 331 IOANNIS
1084 289 1321 332 STOBAEI

393 399 495 440 Huc
515 413 664 455 nempe
684 406 857 440 ventum
877 407 961 440 est:
994 406 1133 440 vestra
1152 397 1185 439 si
1205 397 1356 440 cedant
1374 397 1481 439 bene

391 472 496 529 Conj
504 471 615 528 ugia,
636 471 799 513 habetis
818 480 1017 513 caeterum
1036 470 1154 527 pensi
1173 470 1290 512 nihil.

863 556 932 600 34.
954 544 1073 585 Idem
1096 544 1252 586 Oreste.

447 619 639 660 Fortuna
658 617 822 674 quoties
842 625 980 674 urget,
1001 616 1178 659 involvit
1197 617 1335 659 virum

390 690 558 748 Majore
576 706 740 748 semper
758 690 910 732 mulier
928 689 1171 732 infortunio.

850 774 918 820 35.
936 764 1054 806 Idem
1075 764 1264 822 Phryoeo.

447 837 565 880 Male
583 837 691 879 velle
711 853 874 895 semper
893 846 991 880 ante
1009 837 1162 895 genitis
1180 837 1322 880 liberis

388 913 522 954 Fama
541 920 604 954 est
623 924 836 953 novercas.
881 912 980 953 Hoc
1001 926 1080 968 ego
1099 910 1256 968 effugio
1274 911 1494 969 probrum.

815 985 884 1040 36.
907 985 1026 1026 Idem
1046 985 1294 1027 Phoenissis.

446 1059 764 1102 calumniosum
785 1067 847 1100 est
866 1073 990 1100 omne
1009 1058 1254 1100 foemineum
1274 1073 1433 1115 genus:

388 1133 570 1175 Minima
589 1133 644 1175 ad
662 1132 917 1191 profandum
939 1133 972 1174 si
992 1132 1092 1175 data
1111 1142 1173 1176 est
1192 1132 1365 1184 occasio,

390 1206 492 1248 Plus
513 1222 675 1265 semper
695 1206 828 1259 addit,
845 1206 976 1264 inque
996 1215 1108 1248 coetu
1128 1222 1336 1264 congrege

380 1272 550 1337 ‘Magna
568 1289 630 1322 est
649 1280 843 1338 voluptas
862 1279 920 1322 nil
939 1295 1067 1337 grave
1085 1287 1127 1322 et
1146 1295 1293 1322 sanum
1313 1279 1442 1337 loqui.

895 1364 963 1409 37.
985 1354 1212 1396 Homerus.

443 1426 567 1467 Nosti
587 1426 783 1467 foemineo
803 1441 901 1483 quae
920 1435 1001 1469 stet
1021 1426 1225 1469 sententia
1242 1426 1382 1469 cordi:

385 1501 495 1541 Rem
515 1499 633 1557 cupit
652 1499 712 1541 illi
731 1509 913 1552 auctam,
933 1499 1002 1542 cui
1015 1515 1135 1544 ,nunc
1155 1500 1308 1543 sociata
1327 1500 1479 1543 marito
1497 1509 1582 1543 est:

384 1574 473 1616 Nec
493 1582 653 1615 veteres
671 1582 804 1624 natos,
825 1588 901 1615 nec
918 1572 1043 1630 primi
1061 1573 1218 1630 gaudia
1236 1574 1346 1626 lecti,

383 1648 572 1704 Ingrata,
594 1655 668 1688 aut
687 1645 844 1688 cineres
862 1654 982 1688 curat
1000 1645 1233 1689 meminisse
1253 1647 1449 1704 sepultos.

890 1720 959 1774 38.
981 1720 1209 1763 Hesiodus.

441 1794 625 1837 Credere
643 1793 862 1845 foemineis,
884 1802 947 1835 est
965 1793 1051 1835 furi
1070 1794 1252 1846 credere,
1273 1795 1421 1838 verbis.

925 1880 994 1923 39.
1017 1867 1177 1910 Alexis.

439 1940 619 1983 Nullum
639 1939 813 1981 muliere
832 1948 894 1982 est
911 1939 1064 1981 animal
1081 1940 1393 1998 impudentius:
1441 1945 1449 1959 ⁸

383 2017 508 2057 Hanc
528 2031 607 2072 ego
628 2014 681 2056 de
701 2007 878 2072 meipsa
896 2000 1178 2071 conjecssuram
1199 2023 1383 2057 mutuor.

872 2100 944 2141 40.
966 2089 1219 2130 Menander.
1255 2076 1257 2078 ¹

371 2215 374 2218 Α
438 2163 552 2215 Quid
571 2163 750 2220 cogitavi
771 2163 894 2205 miser
912 2163 997 2205 heu
1017 2163 1093 2220 qui
1112 2164 1361 2206 beneficium

379 2239 423 2279 A
444 2237 618 2279 muliere
638 2237 880 2294 expectavi?
911 2237 1014 2279 dum
1034 2252 1087 2279 ne
1107 2237 1324 2296 quippiam

380 2310 485 2354 Mali
505 2310 729 2368 indipiscar
747 2309 860 2362 inde,
881 2310 979 2353 satis
997 2310 1041 2352 id
1057 2319 1119 2353 est
1138 2310 1255 2353 lucri.

378 2386 574 2442 Namque
593 2385 698 2426 adeo
717 2401 743 2426 a
762 2384 936 2426 muliere
956 2383 1105 2426 melius
1122 2394 1316 2442 expectes
1334 2386 1449 2428 nihil.

798 2471 868 2512 41.
892 2459 1132 2515 Euripides
1152 2459 1289 2517 Auge.

436 2535 592 2576 Sumus
612 2533 817 2580 mulieres.
870 2534 992 2590 Saepe
1011 2548 1087 2575 nos
1106 2533 1232 2575 vincit
1250 2549 1381 2590 pavor
1398 2550 1406 2575 :

310 2636 313 2642 ι
376 2607 455 2649 Est
474 2607 645 2665 quando
665 2617 833 2664 superet
854 2623 977 2649 nemo
994 2623 1070 2649 nos
1087 2607 1273 2650 audacia.

919 2693 990 2733 42.
1012 2681 1171 2724 Alexis.
1202 2674 1207 2682 '

432 2756 530 2796 Non
551 2770 712 2807 murus,
734 2770 817 2797 non
836 2755 898 2797 vis
917 2754 1023 2806 auri,
1044 2770 1128 2797 non
1147 2755 1351 2813 quicquid
1371 2766 1509 2815 putes,

375 2827 602 2869 Custoditu
623 2828 788 2870 difficile
808 2837 869 2870 est
890 2844 1025 2885 aeque,
1046 2844 1094 2870 ac
1115 2828 1298 2871 foemina.
