1780 3178
432 240 899 284 FLORILEGIUM.
928 240 1029 284 Trr.
1052 241 1120 298 69.
1376 242 1460 300 169

126 347 341 391 Excernas
359 363 521 407 semper
540 349 631 402 tibi,
652 364 728 393 nec
746 359 892 393 contra
910 365 1123 408 compares

126 422 254 473 Quod
271 431 334 466 est
356 422 514 476 utibile,
529 423 619 481 jam
639 423 856 467 tolerando
875 439 959 467 non
979 425 1074 467 eris.

149 564 151 566 -
632 508 673 554 5.
695 499 948 556 Emipideae.

184 569 306 612 Felix
325 571 527 628 profecto,
548 572 617 614 cui
636 572 748 615 bona
766 587 875 615 uxor
893 571 1092 630 contigit:

128 642 250 685 Felix
269 643 399 686 et'ille
418 644 505 687 vita
522 645 591 687 cui
610 645 759 688 caelebs
776 645 923 703 placet.

534 718 574 759 6.
596 718 813 760 Hesiodus
835 718 1053 775 Qeribue.

185 789 419 832 commoda
438 790 471 831 si
490 806 578 848 qua
596 790 687 833 viro
705 790 890 848 conjunx
909 791 1138 843 obvenerit,
1158 791 1253 833 haec
1268 800 1330 833 est

129 864 332 906 Fortunae
349 879 447 921 pars
464 864 600 922 prima
617 864 762 907 bonae:
794 863 918 916 mala,
938 864 1116 922 pessima
1134 880 1222 908 sors
1239 874 1316 916 est,

127 935 344 988 Delitiosa,
365 936 502 979 virum
522 953 619 994 quae
641 947 752 980 torre
770 938 984 995 potentius
1002 938 1115 980 omni

127 1009 243 1062 Urit,
264 1019 306 1052 et
325 1009 379 1052 ad
399 1009 542 1053 celeris
560 1010 754 1068 perducit
770 1012 860 1054 fata
877 1021 1063 1054 senectae.

518 1095 556 1138 7.
577 1084 815 1141 Euripides
833 1084 1070 1127 Alcmaeone.

190 1155 413 1214 Praecipua
432 1155 582 1198 mulier
600 1156 820 1199 commoda
837 1167 967 1215 atque
986 1157 1249 1200 incommoda

131 1228 289 1272 Adfert
307 1229 478 1272 marito:
510 1229 654 1272 discite
673 1229 753 1272 hoc
770 1230 933 1273 monitu
953 1246 1075 1274 meo.-

626 1302 665 1345 8.
687 1304 968 1362 Philffldes.

187 1375 348 1418 Dotata
365 1375 509 1434 nupsit
528 1391 651 1429 uxor,
672 1386 714 1419 et
734 1378 869 1436 turpis
889 1378 980 1430 tibi,

132 1449 198 1491 Ut
217 1464 342 1491 suave
360 1463 499 1491 ooenes
516 1458 645 1507 atque
663 1451 838 1494 insuave
853 1451 1046 1495 dormias.

517 1536 560 1578 9.
582 1525 821 1582 Euripides
837 1526 1083 1569 Protesilao.

190 1595 443 1654 Quicunque
461 1597 613 1655 passim
632 1597 824 1640 foeminas
842 1613 929 1640 uno
947 1599 1094 1642 ordine

133 1669 356 1727 vituperat
373 1684 531 1722 omnes,
550 1679 663 1714 errat
680 1680 722 1713 et
741 1686 918 1728 pravum
935 1673 1054 1730 sapit.

135 1744 192 1786 In
211 1742 339 1785 classe
358 1752 476 1787 tanta
494 1759 644 1801 nempe
661 1744 841 1801 reperire
860 1734 923 1787 est
940 1744 1092 1787 malas:

137 1817 247 1858 Sunt
265 1831 411 1859 rursus
427 1816 536 1869 aliae,
556 1827 606 1860 ut
624 1817 718 1869 ista,
737 1833 939 1876 generosa
954 1818 1105 1861 indole.

636 1904 702 1932 10.
722 1892 977 1934 Memnder.

197 1961 242 2004 Si
260 1977 357 2004 vere
375 1976 464 2004 rem
481 1973 695 2020 putamus,
716 1963 958 2020 conjugium
978 1963 1151 2020 quidem

139 2034 307 2078 Malum
326 2042 411 2077 est:
442 2034 516 2077 sed
534 2035 615 2078 hoc
633 2035 791 2078 malum
809 2035 987 2094 imperat
1005 2037 1234 2080 necessitas.

499 2122 518 2151 1
529 2123 564 2151 1.
585 2110 823 2168 Eurnspides
841 2111 1107 2169 Mehnippa.

197 2184 240 2226 N
241 2182 272 2225 ss
291 2181 503 2225 invenitur
520 2181 694 2224 foemina
708 2183 830 2240 pejus
848 2172 980 2224 mala}

141 2257 262 2300 Bona
275 2254 606 2312 nihilreperitur
625 2253 905 2296 excellentius.

142 2329 255 2371 Tam
272 2327 391 2371 varia
406 2342 531 2371 sexus
549 2341 661 2370 unus
677 2325 845 2384 ingenia
862 2326 1033 2369 obtinet.

589 2413 653 2443 12.
675 2400 794 2442 Idem
814 2400 1031 2443 Alce-uide.

201 2475 312 2517 Nam
332 2489 430 2532 quae
447 2473 616 2531 gravior
634 2487 760 2531 poena
776 2473 928 2515 marito

145 2549 283 2600 Quam
301 2546 466 2590 viduari
483 2546 663 2604 conjuge
681 2545 789 2588 fida?

620 2632 685 2675 13.
706 2619 826 2660 Idem
847 2618 1002 2660 Oreste.

205 2691 456 2750 Quicunque
475 2691 623 2734 faustis
637 2691 879 2734 vinciuntur
898 2689 1071 2748 nuptiis,
