1780 3178
450 230 903 277 FLommmM.
935 231 1036 275 Tu.
1059 235 1127 288 3⁶.

569 358 614 398 4.
632 344 855 402 Sophocles
874 345 1001 388 Alete.

178 421 404 463 Contracta
421 419 604 462 multum
625 418 756 462 verba
772 419 932 463 habent
951 419 1176 477 sapientioe.

508 505 550 549 5.
578 493 816 536 Menander
835 494 1060 552 Spmme.

140 562 143 564 ’
176 567 324 609 Unum
344 575 407 609 est
426 581 514 623 quo
532 565 671 609 valere
689 566 820 624 possit
838 566 1064 624 impudens
1081 566 1228 618 oratio,

119 639 163 682 Si
183 639 321 682 brevis
339 639 406 691 sit,
427 649 555 698 atque
574 640 799 682 articulum
818 649 930 683 recte
948 649 1089 699 captet
1107 641 1315 699 temporis.

625 714 665 755 6.
686 713 945 757 Philome.

173 794 193 824 (Ι
208 787 319 828 Cum
339 786 393 828 de
411 784 607 829 omnibus
624 785 847 843 disceptes,
868 785 973 829 nihil
993 785 1202 844 intelligis.

647 870 687 915 7.
709 861 917 904 Incermoe.

173 941 187 962 ¹
199 933 421 977 Discendae
440 933 586 985 literae,
606 942 650 977 et
668 933 916 991 sapiendum
935 934 1010 978 ubi
1028 933 1234 978 didiceris.

648 1008 687 1050 8.
709 1009 918 1057 Incertus.

172 1079 271 1120 Non
291 1078 324 1120 si
344 1078 439 1135 quis
458 1078 605 1130 multa,
626 1088 738 1122 recte
756 1079 871 1122 hunc
890 1078 1205 1130 admirabimur,

116 1153 199 1196 Sed
221 1153 253 1196 si
273 1154 368 1211 quis
386 1168 522 1211 pauca
539 1153 651 1197 dicat
669 1144 768 1211 quae
787 1153 870 1197 sint
890 1153 997 1197 usui.
1027 1187 1029 1190 .

490 1310 794 1359 TITULUS
828 1309 1075 1359 XXXVI.

526 1428 601 1466 DE
630 1428 1033 1467 GARRULITATE.

191 1572 196 1575 ,
634 1544 670 1573 1.
697 1531 928 1589 Theognis.

113 1602 294 1659 Linguae
314 1603 531 1646 hominum
550 1604 695 1647 multis
711 1603 831 1646 nullo
845 1604 946 1647 satis
963 1604 1097 1662 objice
1115 1604 1258 1647 clausa
1275 1614 1338 1646 est

168 1677 200 1718 J
202 1692 326 1729 anua,
347 1677 556 1720 consuetis
573 1677 709 1720 multa
726 1677 905 1720 taoenda
921 1677 1038 1735 loqui
1054 1694 1065 1720 :

112 1751 196 1793 Per
213 1767 310 1808 quae
329 1767 440 1809 saepe
458 1751 617 1794 malum
635 1750 803 1794 latitans
821 1751 1005 1809 erumpit
1023 1751 1067 1793 in
1086 1766 1231 1793 auras:

170 1825 418 1868 Debuerant
436 1826 562 1869 rebus
581 1826 764 1878 claustra
781 1834 925 1884 patere
943 1826 1074 1869 bonis.

169 1974 280 2031 Nam
300 1973 458 2016 nullam
478 1973 623 2016 haberi
637 1974 831 2016 convenit
850 1974 1008 2032 linguae
1027 1974 1168 2025 fidem,

110 2046 295 2089 Consilia
312 2046 427 2089 cordi
446 2062 544 2103 quae
562 2046 640 2089 scit
657 2046 792 2089 alieno
810 2047 926 2099 dare,

113 2118 209 2160 Suis
225 2118 385 2160 laboret
400 2117 492 2176 ipsa
509 2132 606 2160 cum
627 2133 790 2176 semper
810 2119 944 2161 malis.

592 2203 632 2246 3.
654 2191 773 2233 Idem
791 2191 958 2234 Medea.

167 2264 227 2305 Et
245 2278 358 2305 nunc
376 2271 419 2305 et
437 2263 613 2305 antehac
632 2278 758 2321 saepe,
777 2265 991 2316 confiteor,
1014 2266 1166 2314 Creon,

111 2335 224 2378 Mihi
243 2335 389 2393 lingua
407 2335 568 2393 magnis
586 2335 771 2394 praebuit
789 2351 958 2379 causam
977 2336 1108 2379 malis.

604 2422 646 2462 4.
667 2409 936 2467 Actydamas.

164 2481 399 2525 Garrulitas
417 2481 573 2540 linguae
592 2481 712 2539 quasi
731 2481 1018 2525 deambulatio
1037 2492 1111 2524 est.

637 2564 677 2610 5.
701 2555 908 2597 Incertus.

164 2629 206 2670 N
212 2627 350 2685 ugaris
367 2642 495 2684 agens
513 2627 802 2685 intempestive
820 2626 1130 2686 philosophum.

279 2782 294 2802 ἢ
310 2775 409 2807 Refer
421 2775 462 2806 ad
477 2774 548 2807 Tit.
561 2774 723 2806 xxxvl.
924 2779 935 2793 ¹
949 2772 1048 2805 Refer
1062 2773 1103 2805 ad
1117 2772 1186 2806 Tit.
1199 2774 1263 2806 111.

738 2847 763 2872 G
785 2845 814 2883 4
