1780 3178
349 279 431 325 23¹2
465 268 467 271 ’
753 261 1009 312 IOANNIS
1042 259 1286 311 STQBAE1
1360 276 1362 278 v

347 379 560 437 Quicquid
579 378 802 437 profantur
819 375 982 425 divites.
1034 375 1079 418 Si
1099 373 1204 432 quid
1223 371 1339 431 loqui

348 453 424 495 Vir
442 467 604 510 pauper
623 450 752 500 audet
769 458 895 507 gente
913 446 1151 506 proletaria,

348 525 528 574 Rident3
561 539 640 581 ego
659 532 801 569 autem
819 534 1025 579 pauperes
1043 517 1324 576 locupletibus

349 597 606 655 Plerumque
627 611 771 653 sapere
789 594 944 645 rectius
962 608 1008 642 re
1027 592 1233 651 comperi:

350 669 650 727 Illisquexsalsa
667 668 742 727 qui
761 669 877 717 Deos
895 666 1063 725 placant
1082 665 1208 718 mola,

353 743 502 786 Minus
521 743 613 801 pios
631 743 710 790 hos
729 757 816 785 esse
835 741 910 798 qui
929 748 1114 791 mactant
1131 739 1295 782 bovem.

860 808 927 870 15.
955 814 1186 871 Theognis.

350 890 554 933 Nondum
573 890 617 932 in
636 888 835 947 pauperie
854 887 972 946 quod
990 901 1201 930 summum
1222 885 1452 938 evasimus:
1485 883 1598 926 unde

410 965 497 1006 Cor
516 971 664 1005 moeret
684 962 857 1020 trepidis
878 960 1238 1013 sollicitudinibus.

352 1038 522 1094 Pauper
541 1036 701 1094 ubique
714 1036 839 1093 jacet.
890 1034 1036 1085 Ditem
1057 1041 1268 1087 sectantur
1287 1032 1481 1088 honores²

411 1110 622 1167 Quodque
640 1109 746 1152 adeo
766 1108 920 1150 mirum
941 1116 1003 1149 est
1023 1106 1221 1149 omnibus
1236 1105 1316 1148 ista
1334 1103 1511 1163 placent.

685 1184 749 1225 16.
771 1182 1011 1240 Euripides
1032 1181 1361 1238 Bellerophonte.

411 1260 509 1317 Ego
528 1274 581 1301 ex
601 1266 767 1309 vetusta
784 1250 914 1307 nobili
933 1255 1139 1306 sententia

354 1332 611 1376 Mortalibus
629 1331 812 1390 primum
834 1345 920 1378 esse
941 1345 1026 1376 non
1044 1344 1158 1378 113501
1175 1338 1294 1389 puto.

352 1409 412 1450 At
431 1407 602 1449 sortium
624 1406 693 1449 cui
713 1406 766 1448 de
786 1405 923 1447 tribus
940 1403 1157 1458 victoriam

353 1480 548 1523 Addico?
579 1494 677 1522 nam
698 1486 796 1521 sunt
815 1477 988 1530 divites:
1022 1485 1122 1520 sunt
1139 1491 1370 1534 pauperes;

357 1555 466 1596 Sunt
485 1568 637 1611 genere
657 1552 780 1594 clari:
813 1550 1019 1608 triplicem
1038 1550 1131 1609 heic
1150 1549 1322 1607 classem
1341 1547 1470 1601 vides.

354 1627 431 1669 Vir
451 1626 581 1679 dives,
602 1634 700 1668 ortu
721 1624 902 1682 sequiori
922 1633 1117 1682 prosatus

355 1700 499 1751 Dolet,
520 1699 634 1742 dolet
653 1699 856 1757 profecto,
875 1698 948 1746 sed
968 1697 1144 1756 pulchre
1164 1697 1293 1749 dolet,

356 1775 501 1831 Opum
520 1772 739 1815 recludens
758 1772 881 1815 dulce
900 1770 1179 1822 conditorium
1197 1788 1206 1812 :

355 1847 515 1889 Verum
534 1846 632 1888 inde
650 1845 914 1903 provolutus,
935 1845 1044 1887 irato
1062 1845 1157 1889 Deo

358 1921 501 1962 Tanto
520 1919 643 1961 ruina
661 1918 840 1960 tristiore
861 1917 1071 1975 affligitur.

356 1997 416 2038 At
435 1994 625 2052 quisquis
644 2003 783 2035 ortum
804 1992 934 2050 stirpe
951 2005 1154 2049 generosa
1171 1989 1340 2043 trahens

357 2070 426 2111 Re
445 2067 549 2110 vivit
568 2075 696 2118 arcta,
719 2081 805 2123 quo
825 2074 918 2117 satu
939 2073 1002 2107 est
1020 2062 1193 2121 felicior,

359 2142 457 2183 Hoc
476 2139 647 2198 gravius
661 2138 781 2180 illum
802 2136 911 2179 dura
928 2145 1157 2195 paupertas
1174 2134 1343 2194 premit,

357 2215 527 2258 Victum
546 2227 694 2270 parare
714 2211 820 2253 dum
839 2225 969 2270 φεμιι
988 2208 1184 2266 prohibet
1204 2207 1355 2266 pudor.

357 2290 422 2331 At
441 2287 600 2330 ultimae
619 2285 694 2344 qui
714 2285 835 2328 sortis
853 2284 1019 2336 assidue
1038 2293 1100 2327 est
1118 2282 1258 2334 miser,
1382 2287 1386 2290 ’

359 2364 458 2405 Hoc
476 2360 605 2403 vincit
624 2359 739 2411 alios,
756 2374 799 2401 se
818 2357 937 2416 quod
954 2357 1150 2400 orbatum
1171 2355 1289 2412 bonis

358 2437 458 2478 Non
477 2434 615 2486 sentit,
638 2448 772 2490 usque
791 2439 982 2483 assuetus
998 2429 1242 2483 infortunio.

358 2507 541 2551 Meliora
558 2520 775 2563 nunquam
795 2507 934 2556 scisse,
955 2512 1073 2547 tanto
1093 2512 1155 2545 est
1175 2501 1322 2548 tutius.

358 2583 470 2624 Nam
491 2595 653 2638 semper
671 2579 778 2631 illud
798 2578 952 2630 h‘aeret:
985 2577 1055 2625 ah!
1088 2577 1225 2635 qualis
1243 2576 1323 2633 fui,

359 2656 636 2711 Quantusque
655 2652 752 2696 fatis
772 2668 874 2695 usus
893 2651 993 2697 olim
1012 2650 1238 2710 prosperis!

886 2736 950 2779 17·
970 2725 1172 2777 Incertus.

415 2810 435 2840 Ρ
448 2802 574 2852 Mihi,
596 2801 628 2843 si
648 2810 767 2858 pater
788 2798 1003 2857 sapuisset,
1025 2797 1239 2855 ingenium
1260 2797 1368 2847 foret

851 2897 868 2917 Ρ
886 2890 982 2921 Refer
998 2890 1038 2921 ad
1054 2889 1119 2920 Tit.
1136 2888 1174 2919 V.
