1780 3178
366 251 448 298 134
764 235 1026 279 IOANNIS
1059 234 1268 278 STOBAE
1274 235 1298 277 1

362 346 525 390 Infesta
543 345 741 388 crescenti
755 345 960 403 juventae,

419 422 480 463 Et
498 419 640 477 pueris
658 418 825 467 inimica
843 418 1001 460 nutrix.

738 504 807 534 10.
831 491 1027 535 Cer-eides
1047 490 1328 533 M'mwambie.
1503 497 1506 500 ⁴
1638 502 1641 513 ¹
1667 481 1674 517 ὖ

420 565 591 608 Oblitus
610 564 717 607 illud
735 564 926 622 providae
945 562 1191 606 testudinim
1556 583 1573 589 „
1671 568 1674 578 ⁸

366 641 478 682 Suus
498 638 650 695 cuique
670 637 733 679 lar
751 637 910 680 amicus
929 636 1127 694 optimus.

814 724 878 752 11.
902 711 1017 752 Bion
1037 709 1265 752 Bucolicis.
1607 723 1613 730 ²
1676 709 1683 731 '

418 787 527 829 Haec
546 801 643 843 quae
661 800 747 828 non
767 784 894 828 didici
911 799 1025 827 nunc
1043 783 1214 827 tandem
1233 782 1391 826 discere
1410 795 1549 824 serum
1564 789 1638 824 est.

927 858 989 900 Ib.
1013 858 1139 900 Idem.
1617 863 1619 866 “

1664 628 1670 650 l

425 932 470 975 Si
490 931 595 988 quid
615 932 738 974 dulce
759 939 907 974 sonant
924 945 1020 974 mea
1038 930 1237 982 carmina,
1259 928 1394 986 gloria
1411 927 1533 971 nobis
1604 947 1606 950 ’
1664 919 1683 949 ³

369 1004 531 1048 Sufficit
550 1021 603 1047 ex
622 1004 718 1057 illis,
740 1012 783 1047 et
801 1005 995 1048 habenda
1012 1013 1076 1048 est
1093 1003 1230 1062 gratia
1246 1003 1358 1046 fato:

368 1079 442 1121 Sin
461 1078 633 1121 laudata
651 1078 791 1121 minus
810 1078 954 1131 cecini,
975 1078 1082 1136 quid
1100 1077 1226 1136 plura
1243 1076 1456 1119 laborem?

368 1155 481 1195 Nam
502 1153 535 1195 si
555 1152 723 1195 vivendi
741 1151 863 1195 nobis
882 1152 1094 1210 geminata
1108 1151 1290 1194 dedisset

370 1227 586 1284 Tempora
604 1240 678 1267 seu
700 1225 872 1277 Fatum,
893 1238 967 1268 seu
986 1225 1018 1267 J
1021 1224 1204 1282 uppiter,
1225 1231 1332 1267 esset
1351 1230 1401 1266 ut
1420 1221 1500 1264 oevi

368 1299 522 1342 Altera
538 1298 695 1341 laetitiae
712 1313 824 1356 pars,
844 1290 982 1340 alteras
993 1297 1108 1342 dicta
1123 1297 1272 1350 labori,

369 1374 644 1431 Responsura
662 1371 783 1430 quies
802 1357 972 1414 tandem
991 1370 1220 1414 sudoribus
1235 1379 1354 1413 esset.

371 1445 446 1488 Sin
465 1445 563 1487 vitae
584 1445 766 1503 spatium
784 1445 945 1490 miseris
962 1444 1210 1489 mortalibus
1228 1458 1363 1487 unum

371 1521 622 1562 Concessere
643 1519 741 1571 Dei,
761 1519 1011 1576 modicoque
1030 1518 1077 1562 id
1094 1519 1179 1561 fine
1196 1525 1402 1569 coercent,

371 1592 487 1644 Quid
499 1592 626 1649 juvat
642 1592 687 1633 in
707 1591 845 1634 tristes
863 1606 995 1634 annos
1012 1590 1255 1649 impendere
1273 1592 1420 1633 curas?

371 1666 479 1717 Quae
500 1680 593 1722 spes
612 1674 782 1722 pectora
799 1664 908 1709 fessa
926 1680 1056 1707 novas
1075 1664 1259 1708 demittit
1277 1664 1321 1706 in
1340 1671 1465 1716 artes,

374 1737 662 1795 Sollicitatque
682 1737 867 1780 animum
887 1737 1085 1796 possessis
1102 1737 1227 1795 plura
1241 1739 1417 1796 parare?

375 1810 560 1854 Oblitine
580 1811 685 1853 adeo
704 1811 828 1854 morti
847 1812 938 1854 haec
957 1811 1138 1854 obnoxia
1157 1811 1269 1854 nasci

376 1885 577 1942 Corpora,
599 1899 812 1942 quamque
829 1884 973 1927 brevis
991 1884 1089 1927 vitae
1109 1883 1285 1927 modus?

809 2090 1112 2140 TITULUS
1145 2091 1283 2139 LIX.

736 2257 740 2262 .
797 2205 872 2245 DE
901 2205 1293 2258 NAv1GA'rroNE.

798 2320 834 2348 1.
856 2307 1075 2351 Hoomsrm
1096 2307 1294 2364 Odyssea.

436 2379 510 2421 Nil
530 2380 709 2436 reperire
728 2394 907 2436 usquam
926 2388 990 2423 est
1007 2379 1145 2437 pelagi
1164 2379 1374 2423 crudelius
1393 2381 1533 2433 undis,

380 2453 487 2503 Quae
505 2450 625 2493 facile
644 2459 838 2494 evertunt
857 2452 1076 2494 hominum
1095 2452 1288 2510 quamvis
1306 2452 1489 2496 validam
1507 2453 1606 2497 vim.
1656 2478 1659 2487 ι
1687 2459 1694 2495 l

745 2538 782 2569 2.
803 2526 951 2569 Aleoeie
974 2526 1355 2570 Commorientibus.

440 2597 524 2648 Qui
544 2612 657 2640 mare
676 2598 843 2656 navigio
862 2607 1010 2654 tentat,
1028 2610 1104 2644 aut
1121 2600 1338 2644 mendicus
1356 2609 1433 2653 est,

382 2670 472 2710 Aut
491 2669 609 2722 furit,
629 2678 704 2712 aut
723 2679 899 2713 mortem
919 2672 1094 2729 quaerit:
1125 2688 1179 2716 ex
1197 2672 1286 2716 istis
1305 2673 1441 2718 tribus
1514 2695 1516 2697 >

384 2741 497 2792 Quin
518 2758 650 2787 unum
671 2744 707 2787 ei
728 2744 946 2791 conveniat
963 2746 1054 2792 fieri
1073 2761 1157 2790 non
1178 2757 1288 2805 pote.
