1838 3276
511 306 979 352 FLomLEGmM.
1010 307 1110 350 Tm.
1131 320 1172 361 4.
1452 319 1500 350 21

169 423 238 466 Sic
258 422 378 481 quasi
399 422 530 466 tutela
542 422 718 480 jamjam
738 421 880 464 danda
898 421 952 464 sit
970 421 1210 479 gentilibus.

147 550 155 554 η
170 497 254 540 Sed
274 496 376 539 mihi
396 499 541 555 quoe'so
558 495 776 540 audientes
794 495 938 554 ponite
955 495 1065 538 hanc
1084 494 1348 538 senteutiam:

144 613 147 615 ,
169 571 259 614 Nec
272 571 463 629 juventae
480 580 631 615 vestrae
649 571 830 614 honores
847 569 1032 613 invidete
1050 569 1241 612 musicos.

688 657 758 701 34.
775 644 987 687 Rkicmus.

228 716 387 759 Dedita
405 731 510 775 gens
528 713 643 759 vitiis
659 716 848 759 homines
868 731 1029 767 sumus,
1041 714 1216 772 ipsaque
1232 713 1390 757 Divum

169 790 356 832 Munera
374 798 417 832 et
435 789 614 832 alternas
633 797 765 831 sortes
781 787 1105 846 corrumpimus,
1125 796 1224 830 ante

169 863 392 921 corruptis
409 863 576 906 animis:
607 863 677 906 hic
695 878 822 921 quem
841 863 982 922 gravis
1001 871 1126 920 urget
1144 870 1306 919 egestas

172 939 403 981 Inuumera
420 938 464 981 in
486 940 671 996 Superos
684 938 816 980 audet
831 938 1031 990 convitia,
1051 946 1201 981 moesto

171 1009 309 1052 Corde
328 1010 525 1053 fremens:
557 1010 710 1068 premit
729 1019 772 1053 et
790 1010 900 1055 vires
918 1009 1131 1067 animique
1152 1008 1336 1066 vigorem

171 1085 382 1142 Degener:
405 1084 520 1127 hunc
530 1083 838 1142 aliquid‘faoere
849 1093 925 1127 aut
935 1098 1165 1126 memorare
1175 1090 1394 1140 parantem

170 1156 417 1214 Impediunt
436 1156 658 1214 segnisque
675 1156 817 1214 pudor
835 1156 1067 1213 vultusque
1085 1163 1326 1213 potentum:

171 1234 336 1275 Moeror
354 1232 478 1284 edax,
498 1231 748 1290 pavidaeque
766 1231 960 1274 habitant
977 1231 1022 1276 in
1042 1240 1210 1289 pectore
1229 1244 1353 1272 curae.

171 1306 252 1347 Est
270 1304 392 1356 alius,
411 1304 481 1347 cui
500 1303 681 1356 divitias,
702 1303 771 1347 cui
791 1303 932 1346 nobile
950 1304 1130 1362 regnum

173 1379 263 1420 Dat
282 1379 422 1427 Deus;
454 1376 523 1420 hic
542 1376 615 1418 vix
635 1391 678 1419 se
697 1377 819 1419 terris
835 1376 1028 1429 incedere
1048 1376 1196 1427 credit,

171 1451 254 1494 Vix
271 1466 314 1494 se
333 1449 498 1494 mortali
516 1450 706 1493 meminit
725 1450 780 1492 de
797 1450 1004 1508 sanguine
1023 1457 1186 1501 natum,

171 1525 359 1567 Tantum
377 1523 506 1567 corda
523 1531 706 1566 tument:
738 1538 896 1581 parvus
914 1522 1026 1576 lieet,
1047 1522 1172 1580 erigit
1190 1522 1325 1565 altum

175 1598 403 1656 Supposita
421 1598 580 1642 cervice
599 1605 744 1656 caput:
774 1597 1024 1655 fiilmenque
1041 1597 1247 1640 Tonantis

172 1673 204 1715 J
205 1687 274 1715 am
295 1672 388 1724 sibi,
403 1672 494 1730 jam
513 1670 718 1724 thalamos
735 1670 867 1713 audet
886 1670 1092 1728 spondere
1111 1669 1340 1719 Minervae:

173 1747 270 1788 Aut
287 1745 423 1789 fertur
442 1745 634 1797 sublime,
653 1744 851 1802 viamque
868 1744 1038 1787 affectat
1057 1743 1258 1802 Olymp0,

172 1818 384 1862 Dulcibus
403 1828 453 1862 ut
470 1818 602 1878 possit
620 1818 773 1861 mensis
789 1817 1038 1861 accumbere
1058 1816 1234 1868 Divum,

175 1893 358 1943 Interea,
380 1900 545 1949 sperata
561 1890 681 1949 prius
698 1898 971 1949 spectataque
987 1889 1109 1941 nulli,

176 1966 337 2008 Lentos
355 1974 470 2008 cena
486 1965 659 2023 gradus,
676 1964 797 2007 sedet
816 1964 908 2022 ipso
926 1964 971 2006 in
990 1962 1146 2006 vertice
1165 1963 1314 2013 Poena,

176 2040 239 2081 Et
257 2038 324 2081 vel
343 2053 472 2080 anum
492 2036 692 2079 simulans
710 2036 845 2094 culpis
858 2035 1120 2093 juvenilibus
1136 2035 1278 2087 instat,

177 2113 254 2155 Vel
274 2112 419 2170 culpas
438 2110 628 2168 sequitur
647 2118 819 2161 veteres,
840 2108 1016 2150 mentita
1033 2107 1233 2165 puellam,

176 2188 208 2229 J
211 2187 365 2229 ustitiae
383 2184 610 2243 magnique
629 2184 661 2226 J
662 2183 752 2226 ovis
770 2182 969 2225 mandata
987 2197 1212 2240 capessens.

236 2331 458 2374 Audacius
476 2344 544 2374 me
556 2329 701 2388 judioe
719 2328 929 2391 imperiti&

181 2405 300 2450 Nihil
319 2404 504 2448 invenire
523 2413 595 2446 est.

682 2478 754 2533 36.
776 2476 1005 2520 Hesiodus.

238 2553 314 2597 Ah
334 2553 472 2605 miser,
491 2551 562 2595 ille
581 2551 753 2609 quidem
773 2558 938 2608 partam
953 2549 1032 2592 sibi
1046 2547 1401 2605 crimine-poenam

110 2634 114 2635 ’
183 2627 328 2670 Multa
345 2639 516 2684 gemens
535 2624 741 2682 sequitur:
774 2622 848 2666 sed
866 2637 951 2665 non
971 2621 1214 2667 revocabilis
1233 2619 1306 2664 illa
1325 2628 1399 2663 est.

690 2707 760 2753 37.
781 2696 1015 2755 Swhodes,

243 2774 340 2816 Hoc
358 2772 542 2830 graviter
559 2780 670 2814 errat
690 2786 804 2829 aegra
822 2785 940 2812 mens
958 2769 1214 2819 mortalium,

186 2846 314 2898 Quod
334 2846 444 2890 mala
461 2845 618 2889 mederi
638 2860 759 2903 posse
777 2843 951 2888 confidit
970 2842 1099 2885 malis.

843 2929 916 2971 ο3
