1780 3178
348 281 431 327 206
437 297 439 300 ·
740 280 895 323 IOAN
898 281 940 323 N
945 279 1000 323 IS
1028 278 1281 324 STOBAEI

345 393 541 437 Audacia
558 403 620 437 est
640 394 796 446 insana,
818 394 926 437 velle
941 404 1128 438 avertere

343 468 619 511 Necessitates
637 469 808 511 numine
827 469 1030 512 immissas
1048 471 1199 513 Dessm.

495 549 498 553 ’
878 552 945 597 ⁷17.
966 544 1139 586 Ibidem.

399 614 643 655 Communis
662 614 752 656 haec
771 614 840 656 leX
860 614 1001 672 stirpis
1015 615 1354 667 est-mortalium,

340 686 530 729 Trahens
548 695 591 729 et
609 686 721 744 ipsos
738 687 782 729 in
802 686 868 728 sui
888 702 1102 730 assensum
1119 689 1236 731 Deos

341 760 573 816 Ferasque;
605 775 745 802 amare
764 760 968 818 quicquid
988 771 1050 803 est
1068 777 1121 804 ex
1140 778 1184 805 se
1204 771 1356 805 satum:

340 833 389 874 In
408 833 534 875 rebus
552 832 643 875 aliis
654 834 754 890 jure
769 849 858 876 ¹non
876 849 964 876 uno
984 835 1156 878 utimur.

857 910 922 951 18.
945 912 1156 954 Incertus.

397 980 669 1023 Carissimum
686 997 774 1024 esse
791 982 944 1025 liberos
962 983 1072 1040 patri
1090 993 1211 1041 pute,

337 1054 460 1097 Natis
476 1064 715 1113 parentem:
746 1070 823 1098 nec
842 1056 1013 1098 societas
1031 1056 1190 1099 firmior

320 1116 478 1170 ⁷Datur
497 1127 687 1180 inveniri,
706 1144 783 1171 nec
801 1128 906 1171 fides
925 1126 1165 1186 antiquior(

824 1216 888 1258 19.
910 1203 1188 1259 Antvsphwnes.

394 1271 549 1315 Dilecti
568 1273 654 1315 nati
673 1289 771 1316 cum
790 1274 896 1331 quid
914 1275 1024 1317 facio
1041 1275 1086 1316 in
1103 1274 1298 1333 gratiam,

335 1347 432 1403 Ego
450 1346 540 1403 ipse
558 1356 712 1389 memet
731 1348 876 1390 videor
894 1349 1163 1391 munerarier.

747 1433 814 1465 21.
836 1422 1075 1480 Empides
1094 1423 1262 1480 Dictye.

391 1494 503 1535 Cum
523 1493 576 1536 sit
595 1493 671 1536 tibi
692 1494 831 1553 stirps,
853 1511 951 1538 cum
969 1512 1104 1554 genus
1123 1496 1238 1539 vivat
1258 1506 1397 1548 tuum,
1477 1551 1479 1555 Ι

334 1566 458 1608 Nova
475 1581 597 1623 paras
615 1583 770 1625 augere
787 1570 987 1627 progenie
1005 1570 1193 1622 domum,

333 1640 621 1683 Hostilitatem
641 1650 833 1699 mutuam
853 1644 961 1701 proli
983 1645 1093 1686 seris.

687 1837 990 1914 TITULUS
1023 1865 1312 1913 LXXXIV.

335 1988 870 2034 PRAESTANTISSIMUM
894 1989 1024 2027 ESSE
1044 1988 1390 2034 FRATERNUM
1414 1961 1666 2026 AMOREM.

845 2096 880 2124 Ι.
902 2083 1155 2125 Menander.

388 2154 526 2209 Quam
545 2153 680 2195 dulcis
698 2161 761 2195 est
778 2169 845 2195 res
863 2154 1044 2195 fratrum
1064 2154 1321 2197 concordans
1339 2158 1473 2198 amor!

866 2239 905 2271 2.
928 2227 1134 2269 Incertus.

788 2302 927 2352 Quem
946 2300 1209 2358 conglutinat

330 2375 509 2425 Natura,
530 2372 695 2415 nullum
716 2381 884 2430 tempus
901 2373 1084 2415 alienum
1102 2372 1214 2414 facit.
1234 2404 1243 2416 x

491 2453 493 2455 ’
597 2457 638 2500 3.
660 2446 896 2502 Euripides
917 2445 1150 2503 Iphigenia
1169 2445 1217 2486 in
1236 2445 1400 2486 Aulide.

388 2518 572 2576 Indigna
589 2533 655 2560 res
673 2527 749 2570 est,
764 2526 820 2560 -ut
838 2517 945 2575 quid
963 2517 1209 2575 ambiguum
1229 2517 1390 2568 incidit,
1434 2542 1436 2545 -

331 2595 530 2651 Pugnare
547 2592 697 2634 fratres
709 2591 854 2649 jurgio
870 2589 1135 2649 implacabili.

854 2678 898 2719 4.
922 2665 1140 2725 Diphjt'bus.

389 2738 500 2779 Nam
520 2738 594 2794 qui
613 2745 816 2794 cognatus
834 2752 894 2788 re,
915 2751 1000 2779 non
1019 2735 1107 2778 solo
1126 2736 1305 2789 nomine,
1326 2744 1403 2787 est,

332 2810 512 2866 Cognati
531 2809 729 2853 familiam
749 2810 904 2853 habere
922 2810 1048 2853 debet
1066 2825 1144 2867 pro
1164 2825 1250 2853 sua.
