1780 3178
418 257 883 304 FLoniLEGmM.
916 263 1021 306 Τιτ.
1040 267 1110 321 56.

99 361 266 405 Audire
283 364 496 421 pecudum
514 366 638 410 dulce
655 367 871 411 balantum
889 385 1075 428 gregem,

100 437 342 495 Sonumque
361 437 404 480 in
423 439 578 497 pelvim
596 440 824 486 decidentis
842 443 1018 497 faeculae,

97 510 283 554 Obsonio
301 511 364 555 uti
386 513 536 566 turdis,
557 514 579 545 b
591 515 785 574 tringillis
803 533 988 576 quoque,

96 586 195 630 Non
213 598 502 646 expectantem
521 591 575 633 de
595 591 674 634 fori
694 591 864 637 fastidio

92 659 330 704 Triduanos
349 661 494 719 pisces,
513 679 622 720 quos
638 665 825 722 propolae
842 667 992 723 perfidi

93 732 365 777 Admetiatur
382 735 848 795 falsilibripens-manus.

599 810 637 853 8.
658 812 778 854 Idem
797 813 919 855 Pace.

147 881 243 924 Dea
259 898 287 924 o
304 882 429 935 bona,
449 884 702 937 racemifera,
723 900 851 943 quam
871 896 913 929 te
931 887 1166 930 nominem?

92 954 279 998 Verbum
300 956 412 999 unde
430 956 638 1001 inveniam
656 960 1057 1018 sesquampullatum
1077 962 1179 1004 tibi?

597 1045 637 1088 9.
658 1033 910 1076 Menwnder.

264 1103 341 1146 Vel
359 1104 467 1147 inter
485 1121 586 1148 saxa
603 1106 827 1164 agricolam
845 1108 1004 1151 nutriat
1094 1140 1096 1143 -

92 1176 185 1218 Pax
204 1175 335 1220 alma:
367 1177 477 1224 bello
496 1178 636 1221 sordet
654 1189 697 1221 et
715 1179 816 1222 felix
833 1195 944 1237 ager.

518 1364 818 1417 TITULUS
851 1365 986 1418 LVI.

259 1462 334 1504 DE
362 1466 752 1507 AGmcULTURA
780 1469 937 1511 QUOD
963 1438 1116 1508 nom
1143 1470 1238 1508 srr.

501 1563 537 1592 1.
558 1552 862 1609 Ari-eupliam
876 1554 998 1595 Pace.

145 1622 185 1663 Ο
202 1631 334 1679 gratae
353 1621 592 1666 hominibus
610 1623 724 1680 pacis
740 1624 865 1666 altrix
883 1625 1055 1683 optima,

85 1695 127 1737 Ο
146 1694 429 1752 pmmiconda,
450 1695 741 1755 dispensatrixss
761 1698 935 1756 opifera,

85 1768 213 1820 Nata,
234 1783 360 1811 soror.
407 1770 517 1813 Haec
535 1785 606 1813 me
621 1773 895 1830 nuncupabat
911 1773 1062 1816 omnia.

86 1841 141 1883 B.
157 1843 223 1884 At
241 1842 318 1884 tibi
336 1843 454 1900 quod
472 1859 573 1902 ergo
588 1834 764 1888 nomen?
794 1847 845 1889 A.
867 1846 967 1889 Vita
985 1847 1149 1890 rustica.

635 1930 672 1963 2.
693 1919 866 1962 Ibidem.
1004 1965 1010 1973 ,

142 1988 182 2030 Ο
201 1988 321 2031 bonis
338 1989 484 2042 amica,
505 1991 662 2034 fautrix
682 1993 806 2045 ruris,
826 2009 854 2036 o
872 1994 973 2036 felix
993 1993 1104 2036 dies:

83 2060 166 2112 Te,
187 2060 302 2113 libet,
323 2061 423 2114 visa,
443 2077 632 2106 mearum
653 2065 802 2108 vitium
820 2067 938 2108 affari
956 2067 1133 2110 ordines.

479 2148 521 2193 3.
538 2138 780 2182 Menander
797 2140 1010 2198 Adefflnzs.

140 2208 180 2250 Ο
201 2217 342 2250 sancta
359 2208 496 2261 tellus,
518 2208 644 2268 longo
663 2220 706 2254 te
723 2221 819 2269 post
838 2222 1024 2270 tempore

82 2279 241 2322 Libens
260 2280 406 2323 saluto.
457 2282 555 2324 Non
576 2282 707 2326 honos
726 2283 793 2326 hic
812 2284 982 2327 cuilibet

82 2355 255 2396 Humo:
288 2355 362 2397 sed
379 2370 528 2413 agrum
545 2357 709 2414 quoties
727 2357 892 2400 intueor
911 2373 1066 2411 meum,

82 2426 139 2469 Id
157 2427 273 2484 quod
292 2443 359 2470 me
377 2429 510 2471 nutrit
529 2430 711 2472 numinis
730 2446 904 2474 veneror
923 2430 1023 2475 loco.

414 2515 454 2555 4.
476 2503 654 2560 Amphis
676 2504 1071 2546 Ominatricibue.

138 2572 170 2614 J
173 2573 341 2616 ucunda
360 2573 541 2617 solitudo
560 2589 688 2632 quam
708 2590 773 2617 res
792 2590 919 2618 aurea
935 2579 1034 2618 esti.

83 2645 279 2703 Namque
297 2662 397 2704 ager
414 2646 653 2691 hominibus
672 2643 797 2692 verus
814 2659 876 2693 est
893 2650 991 2693 vitae
1010 2659 1142 2708 pater,

570 2791 586 2812 Ι·
597 2791 685 2824 Olim
698 2803 706 2822 ι
717 2793 919 2833 panniculis.

137 2861 235 2891 vm..
258 2862 319 2893 IV.
790 2865 818 2892 1

1346 280 1426 324 129
