1780 3178
0 0 2 87 7
39 11 42 14 ,

0 90 1 163 l

446 288 914 333 FLORILEGIUM.
949 287 1057 334 Τῐτ.
1078 305 1148 348 44.

624 407 698 451 30.
717 394 971 440 Menwnder.

188 463 448 521 Injuriarum
469 467 503 508 si
522 467 724 526 improbis
742 470 984 523 auctoribus

129 538 445 594 Reponeremus
464 539 666 583 ultionem
685 541 854 600 singuli,

127 611 262 654 Nobis
280 621 476 670 putantes
496 614 586 656 fieri
606 615 723 673 quod
741 615 792 658 fit
809 615 944 669 alteri,

130 685 249 728 Inter
268 701 344 729 nos
356 687 495 745 juncti
513 685 758 747 conspiratis
777 690 953 742 viribus,

129 761 228 802 Non
247 762 492 818 praevaleret
510 760 756 807 innocentiae
767 760 957 823 'impetus

129 833 291 876 Audax
310 834 539 880 malorum:
573 836 648 894 qui
664 834 864 880 eustoditi
885 837 1089 897 undique,

129 907 160 947 J
163 906 331 965 ussique
349 923 495 966 poenas
514 923 620 968 quas
637 919 853 953 merentur
871 912 1069 969 pendere,

130 981 227 1026 Aut
246 981 350 1023 nulli
370 982 538 1040 penitus
557 983 706 1036 essent,
727 993 802 1027 aut
821 986 945 1044 pauci
964 986 1205 1031 admodum.

534 1072 838 1154 ‘rrrULUs
871 1105 1059 1155 xle.

347 1202 423 1242 DE
450 1202 684 1244 LEGIBUS
708 1205 781 1245 ET
805 1207 1247 1250 CONSUETUDINE.

648 1306 684 1335 1.
705 1278 955 1351 Euripides.

251 1361 471 1421 iAEquum
491 1374 554 1406 est
572 1365 703 1408 malos

136 1436 386 1480 Melioribus
405 1454 551 1499 parere
571 1448 613 1483 et
630 1439 854 1499 imperium
873 1442 976 1500 pati.

620 1526 659 1557 2.
679 1514 800 1567 Jdem
820 1516 985 1574 Dictye.

188 1580 318 1628 jNofi
338 1587 541 1644 tyrannis,
561 1603 589 1630 o
609 1603 750 1642 senex,
771 1591 1033 1634 contendere.

537 1674 578 1718 3.
594 1661 836 1707 Monwnder
854 1663 1066 1721 Adesphis.

194 1732 216 1761 k
228 1733 280 1776 A.
301 1734 496 1791 Antiqua
514 1734 582 1777 lex
601 1743 665 1778 est
682 1735 776 1788 ista,
797 1745 976 1780 rectores
995 1737 1097 1780 cole.

1383 306 1461 350 ¹05

136 1806 215 1850 ¹B.
235 1809 336 1851 Non
353 1810 657 1868 usquequaque
675 1809 916 1854 hominibus
935 1812 1170 1857 cedendum
1190 1825 1252 1857 est
1271 1817 1404 1869 malis,

140 1881 224 1925 Sed
242 1881 518 1926 obnitendum
537 1899 662 1942 saepe,
683 1885 727 1928 ni
747 1893 879 1928 totam
899 1886 1089 1944 undique

140 1957 317 1999 Sursum
336 1956 531 1999 deorsum
551 1957 747 2003 volumus
764 1958 895 2001 vitam
914 1959 1079 2002 vortier.

529 2043 571 2084 4.
591 2032 828 2089 Euripides
845 2033 1089 2076 Erechtheo.

199 2111 234 2132 ¹¹¹
248 2103 454 2146 Mandare
473 2103 559 2147 noli
573 2119 658 2147 non
675 2105 820 2163 probis
838 2107 1163 2164 rempublicam:

142 2176 338 2233 Namque
356 2176 582 2235 impiorum
602 2179 716 2221 natio
734 2194 882 2236 gazam
902 2180 993 2233 sibi,

142 2248 219 2290 Vel
238 2248 386 2307 imperi
406 2249 491 2292 vim
510 2260 634 2293 nacta
650 2251 835 2301 desultat
851 2251 987 2305 ferox,

143 2323 332 2366 Crevisse
346 2339 517 2367 cernens
537 2340 663 2382 spem·
674 2339 804 2383 supra
821 2324 962 2369 subito
981 2326 1100 2370 lares.

507 2408 548 2454 5.
570 2399 811 2441 Menander
828 2399 1106 2459 Androgyno.

202 2470 354 2527 Magni
374 2471 665 2514 aestimandum
685 2476 848 2530 semper
867 2483 933 2515 est
948 2489 1191 2518 assuescere.

509 2546 550 2588 6.
570 2546 809 2604 Eurrspidas
827 2547 1114 2605 suffla-ihm.

203 2616 363 2660 Utilius
382 2618 476 2661 urbi
496 2619 661 2676 legibus
676 2619 784 2667 nihil
799 2629 862 2663 est
881 2620 1016 2674 bonis,
1051 2676 1059 2679 μ

193 2774 200 2788 ¹
214 2769 311 2801 Refer
327 2770 368 2801 ad
382 2770 448 2802 Tit.
462 2771 584 2803 XLVI.
603 2771 725 2812 JRefer
741 2773 781 2803 ad
796 2772 863 2804 Tit.
879 2773 1020 2805 XLVII.
1039 2773 1054 2795 ¹‘
1066 2773 1164 2806 Refer
1179 2775 1219 2806 ad
1234 2775 1300 2807 Tit.
1314 2776 1422 2808 XLVI
1428 2800 1435 2807 .

190 2826 198 2847 ¹
216 2827 312 2860 Refer
327 2828 445 2861 ad'rn.
462 2829 588 2889 {1121st
633 2836 656 2851 ¹·
674 2830 771 2862 Refer
786 2831 826 2862 ad
840 2831 906 2863 Tit.
922 2832 1044 2864 XLVI.
