1780 3178
340 277 424 322 234
746 253 1009 306 IOANNIS
1039 261 1277 305 STOBAEI

701 470 717 491 ⁵
729 459 1032 510 TITULUS
1066 459 1308 508 XCVIII.

348 565 357 574 ι
437 580 510 618 DE
540 579 679 624 VITA,
708 578 779 617 ET
808 578 1035 616 BREVEM
1061 578 1179 616 EAM
1205 579 1277 616 ET
1303 578 1480 617 VILEM
1507 577 1579 616 ET

795 647 956 686 CURIS
985 646 1223 685 PLENAM.

865 755 904 783 1.
925 741 1158 798 Sophocles.

396 819 434 859 Ο
455 815 618 867 misera,
639 830 736 857 vere
756 813 919 865 misera,
938 813 1030 856 *sors
1049 812 1301 856 mortalium.

338 892 450 933 Nam
469 899 622 947 praeter
642 889 812 931 umbras
832 887 938 945 quid
958 903 1103 929 sumus
1120 886 1187 930 vel
1206 886 1394 945 pondera

338 963 510 1021 Ignava,
531 961 774 1019 palabunda
792 959 985 1003 tellurem
1005 959 1158 1018 super?

841 1048 878 1078 2.
901 1036 1022 1078 Idem
1041 1036 1182 1093 Ajace.

397 1113 509 1154 Nam
529 1111 653 1153 video
671 1110 731 1152 11ss
749 1125 825 1153 nos
844 1126 932 1153 esse
951 1110 1161 1162 mortales,
1181 1110 1259 1153 nisi
1300 1151 1317 1162 ,

339 1185 575 1243 Imaginosa
594 1184 753 1227 somnia
771 1192 852 1244 aut
865 1184 1059 1226 umbram
1077 1184 1223 1227 levem.

861 1270 902 1313 3.
924 1257 1157 1300 Philemon.

396 1332 461 1373 Ita
480 1339 768 1388 comparatum
789 1339 851 1372 est
869 1330 913 1371 in
933 1329 1021 1372 vita
1038 1329 1293 1382 mortalium,

340 1404 488 1446 Minus
510 1413 558 1446 ut
576 1403 677 1445 boni
698 1403 764 1455 sit,
786 1402 951 1454 mulier,
972 1402 1070 1460 plus
1087 1402 1356 1445 incommodi.

726 1489 767 1530 4.
790 1477 1030 1534 Euripides
1050 1477 1287 1534 Meleagro.

400 1558 412 1581 t
424 1554 561 1594 Nemo
580 1550 767 1609 obligare
787 1561 979 1594 mortuus
998 1551 1117 1594 vivos
1136 1561 1285 1610 potest.

341 1626 426 1678 Qui
445 1625 548 1668 cinis
567 1634 609 1667 et
629 1625 781 1666 umbra
799 1633 875 1676 est,
899 1633 941 1666 et
961 1625 1080 1676 nihil,
1102 1634 1223 1667 curat
1241 1625 1356 1667 nihil.

599 1756 609 1758 -
863 1706 904 1753 5.
926 1697 1155 1739 PhilemonL

398 1773 531 1822 Here,
553 1778 645 1813 tute
663 1770 790 1812 homo
810 1786 908 1813 cum
927 1770 982 1812 sis
1001 1782 1139 1822 natus,
1161 1771 1250 1813 fieri
1270 1787 1353 1814 non
1373 1781 1486 1829 pote,

341 1848 486 1888 Homo
506 1861 558 1887 ne
579 1845 644 1887 sis.
696 1846 875 1887 Frustra
893 1854 956 1886 est
975 1844 1056 1886 ista
1073 1844 1326 1887 lamentatio.

340 1921 520 1961 Necesse
540 1926 603 1960 est
620 1917 774 1960 habeat
793 1917 941 1970 multa,
963 1917 1038 1974 qui
1056 1917 1174 1969 vivit,
1195 1917 1316 1960 mala.

876 1993 915 2033 6.
932 1992 1150 2049 Diphilus.

402 2068 548 2108 Homo
568 2079 684 2107 sum:
717 2079 814 2121 quae
834 2064 955 2106 nobis
973 2080 1099 2106 causa
1117 2064 1242 2122 longe
1261 2065 1445 2108 maxima
1462 2075 1525 2108 est
1550 2092 1553 2097 -

343 2142 435 2182 Cur
454 2139 541 2181 vita
560 2139 779 2195 nunquam
799 2148 918 2180 vacet
936 2154 963 2179 a
980 2138 1278 2180 moestitudine.

858 2224 896 2266 7.
919 2213 1172 2254 Menander.

404 2288 572 2329 Homo:
605 2286 685 2329 ista
703 2301 829 2328 causa
846 2285 906 2327 adv
921 2285 1175 2328 calamitates
1194 2294 1256 2328 est
1276 2286 1384 2329 satis.

356 2346 363 2357 “
918 2360 956 2401 8.
979 2359 1110 2401 mem.

403 2431 661 2474 Hominibus
680 2431 761 2473 alia
779 2440 990 2488 quotquot
1010 2440 1110 2473 sunt.
1127 2430 1354 2475 animantia

346 2507 464 2547 Tum
485 2512 583 2546 sunt
601 2503 802 2565 beatiora,
825 2514 916 2546 tum
936 2503 1104 2561 sapiunt
1123 2503 1270 2561 magis.

346 2577 572 2635 Principio,
594 2576 728 2629 sodes,
749 2577 912 2620 asinum
933 2586 1073 2634 specta
1091 2577 1219 2620 istum
1238 2577 1352 2619 mihi.

347 2651 388 2693 Is
406 2659 468 2692 est
486 2649 630 2692 infelix
651 2659 770 2692 extra
789 2650 1135 2693 controversiam:

346 2828 358 2843 ⁵
371 2825 480 2858 Multa
495 2829 571 2855 suut
587 2833 735 2855 connexa
748 2833 824 2855 cum
840 2822 908 2855 Tit.
924 2823 993 2854 CV.
1009 2828 1043 2855 et
1055 2822 1178 2855 CVIII.
1248 2826 1257 2843 “
1274 2822 1373 2854 Refer
1388 2822 1428 2854 ad
1443 2822 1513 2855 Tit.
1529 2822 1684 2855 cxxw.
