1780 3178
429 239 880 283 FLORILEGIUM.
912 241 1014 284 Trr.
1038 253 1104 299 73.

106 349 375 407 Impendioso
393 348 516 391 laetus
534 347 818 391 oblectamine.

161 422 375 465 Deformis
393 432 534 464 autem
554 421 683 465 simiae
701 422 975 480 propaginem

104 496 225 537 Deus
244 495 403 537 maritis
422 494 642 552 pessimam
662 494 774 537 misit
791 495 904 537 luem
920 512 930 538 ε

40 588 43 591 «
104 567 215 610 Nam
234 564 332 610 cum
348 584 424 626 per
444 569 559 611 urbis
578 569 788 627 publicam
808 569 963 613 incedit
981 571 1106 623 viam,

105 642 245 700 Turpi
265 658 337 685 ore
355 643 480 685 debet
498 643 695 686 omnibus
712 643 958 696 ludibrium,

105 715 278 759 Cervice
296 732 441 774 parva,
463 717 535 759 vix
556 728 604 760 ut
623 717 777 759 inflecti
796 727 939 775 queat,

104 790 289 834 Inclunis
307 800 350 833 et
369 806 465 833 crus
485 799 596 833 tota:
629 791 694 832 vir
710 800 823 834 certe
841 792 966 834 miser

106 866 155 908 In
174 866 297 923 cujus
316 865 396 907 ista
411 864 539 922 pestis
558 864 777 923 amplexus
796 866 933 909 venit:

106 938 290 982 Consilia
307 938 425 981 novit
443 939 583 982 omnia
602 948 730 996 atque
748 955 891 981 omnes
910 939 1028 983 dolos

106 1015 171 1056 Ut
189 1013 410 1056 aemulator
430 1013 597 1056 simius:
630 1014 717 1056 risu
737 1014 931 1067 abstinet,

106 1089 196 1130 Nec
215 1087 454 1130 demeretur
466 1087 736 1145 quempiam:
768 1088 848 1130 hoc
868 1103 1000 1131 unum
1020 1090 1149 1142 videt,

108 1161 328 1218 Totosque
343 1176 482 1203 secum
503 1159 590 1202 sola
607 1160 815 1203 consultat
833 1161 936 1213 dies,

107 1235 204 1285 Quo
222 1233 463 1276 machinatu
482 1233 713 1276 maximum
731 1234 933 1292 incoeptet
951 1235 1119 1278 malum.

164 1308 254 1366 Api
272 1309 422 1351 beatus
439 1316 650 1366 prosatam
669 1308 744 1365 qui
763 1308 946 1360 duxerit,

109 1383 164 1424 In
183 1397 270 1440 qua
286 1381 472 1434 invenire
490 1381 550 1423 nil
569 1390 707 1439 potest
725 1382 956 1433 calumnia;

109 1454 310 1498 Florescit
330 1455 422 1512 ejus
440 1454 528 1497 vita
546 1442 836 1497 matrimonio:
881 1485 888 1490 -

113 1531 274 1573 Amans
291 1530 448 1572 amanti
466 1530 721 1572 consenescit
739 1530 932 1588 conjugi:

110 1603 246 1661 Stirps
263 1602 378 1646 unde
394 1603 536 1661 prodit
554 1602 745 1661 pulchra,
766 1605 946 1648 rumoris
968 1606 1086 1649 boni:

110 1678 301 1720 Multum
322 1677 394 1720 illa
410 1677 540 1720 vincit
557 1678 762 1736 quicquid
781 1688 844 1721 est
863 1696 987 1723 sexus
1006 1682 1093 1724 sui:

57 1752 61 1753 ⁷
111 1751 270 1794 Divina
288 1760 378 1794 toto
395 1751 533 1809 gratia
551 1751 596 1793 in
614 1751 738 1794 vultu
758 1752 882 1794 micat
898 1770 908 1795 z

111 1824 202 1866 Nec
220 1823 487 1866 foeminarum
505 1823 697 1881 garrulos
714 1833 849 1867 coetus
866 1825 955 1867 adit

113 1897 367 1940 Libidinosis
385 1898 621 1956 prurientes
638 1895 836 1940 vocibus:

111 1970 236 2014 Tales
254 1970 461 2028 benignus
480 1971 511 2012 J
515 1970 685 2028 uppiter
703 1970 833 2012 donat
851 1971 951 2013 viris

114 2045 330 2087 Prudente
349 2053 504 2102 nuptas
522 2043 661 2096 corde,
681 2053 796 2087 casto
814 2059 998 2102 corpore.

173 2118 257 2161 Sed
276 2126 319 2161 et
336 2112 496 2176 priores
514 2117 697 2160 foeminae
716 2127 825 2160 nutu
844 2118 967 2160 Jovis

115 2190 228 2234 Olim
247 2190 455 2242 exstitere,
476 2199 519 2232 et
537 2206 650 2233 nunc
668 2191 957 2234 adhaerescunt
974 2191 1083 2234 viris.

117 2267 242 2308 Hanc
261 2264 331 2307 ille
349 2264 442 2306 fixit
461 2264 684 2306 maximam
704 2264 951 2306 mortalibus

116 2340 308 2382 Crucem.
359 2338 482 2380 Licet
500 2346 705 2395 putantur
723 2337 779 2379 ad
798 2337 933 2380 multa
953 2337 1088 2390 utiles,

118 2410 201 2462 Qui
219 2410 332 2453 vivit
342 2425 442 2462 una,
463 2409 611 2452 sentiet
630 2409 735 2467 quid
755 2409 808 2452 sit
826 2410 936 2452 mali.

118 2485 228 2526 Nam
247 2483 370 2526 laetus
390 2498 523 2525 unum
544 2483 744 2540 transiget
763 2499 980 2541 nunquam
1000 2484 1126 2535 diem,

120 2558 233 2599 Cum
251 2556 422 2616 foejmina
440 2556 514 2614 qui
533 2556 650 2613 degit
669 2564 835 2598 aetatem
855 2571 1000 2599 suam:

119 2630 201 2672 Vix
220 2629 470 2687 esuriginem
490 2645 517 2671 a
533 2645 610 2671 suo
628 2628 800 2687 aspellet
819 2629 920 2681 lare,

122 2702 271 2745 Ferale
290 2717 446 2744 numen
466 2701 582 2744 triste
601 2701 934 2744 contubernium.

125 2775 237 2828 Quin
257 2790 351 2817 cum
374 2774 547 2816 maritus
565 2774 722 2831 gaudio
741 2784 869 2837 quam
890 2774 1074 2815 maximo

1354 245 1432 299 185
