1780 3178
374 219 842 268 FLORILEGIUM.
876 219 981 263 Trr.
1002 231 1075 277 47,
1095 221 1167 275 48.
1370 233 1387 262 1
1400 224 1446 262 η’

502 359 804 412 TITULUS
837 361 1053 410 XLVII.

264 463 714 504 PULCHERRIMAM
741 463 862 501 REM
891 463 1020 501 ESSE
1048 463 1299 502 REGNUM.

562 562 600 593 1.
620 546 837 592 Homerus
856 549 1007 591 made.

176 625 423 684 Imperitare
443 624 603 667 malum
620 623 775 682 plures.
826 624 922 665 Rex
942 622 1091 665 unicus
1109 631 1211 674 esto,

116 702 178 743 Et
198 714 337 742 rerum
358 698 567 741 dominus.-
791 731 796 735 .

668 781 708 815 2.-
727 771 902 813 Ibidem.

179 846 327 904 Magni
347 844 474 888 animi
493 858 658 902 regum,
678 843 798 901 queis
816 853 879 886 est
896 843 1032 885 honor
1048 843 1103 886 ab
1122 844 1233 886 Jove
1251 855 1428 886 summo,

119 919 189 963 Ab
208 921 319 962 Jove
339 917 448 975 regis
467 917 614 969 hono&
635 925 678 959 et
696 926 810 959 amat
828 932 903 958 rex
923 917 954 958 J
959 916 1127 974 uppiter
1145 917 1278 960 illum.

503 1004 543 1049 3.
565 991 802 1048 Euripides
821 991 1069 1033 Phoenissis.

179 1068 291 1125 Ego,
312 1074 445 1108 mater
468 1064 611 1120 (animi
631 1079 708 1106 nec
727 1073 866 1122 tegam
887 1066 1033 1106 sensu&
1050 1063 1157 1120 mei)-

124 1141 315 1184 Peterem
336 1138 402 1181 vel
422 1139 525 1181 imas
542 1152 680 1180 mersa
696 1138 780 1180 sub*
795 1147 927 1179 terras
942 1136 1047 1187 loca,

123 1215 201 1258 Vel
215 1214 316 1257 solis
334 1223 466 1265 ortus,
486 1213 575 1255 fata
593 1211 627 1254 si
645 1211 725 1254 hac
744 1211 925 1254 sinerent
938 1211 1008 1253 via

125 1287 362 1332 Potentiam
382 1286 577 1344 reperire,
597 1301 695 1343 quae
714 1281 851 1343 prima
868 1294 931 1327 est
951 1285 1105 1328 Deum.

675 1372 715 1413 4.
738 1360 915 1401 Ibidem..-

185 1439 298 1481 Nam
312 1437 413 1495 jura
432 1435 466 1477 si
486 1433 694 1486 violanda,
715 1432 834 1491 regni
852 1429 988 1490 gratia

128 1512 356 1556 violanda:
388 1509 522 1568 pietas
539 1517 739 1552 eaeterum
757 1507 855 1549 vitae
874 1515 1004 1565 regat.

586 1594 627 1640 5.
648 1583 767 1625 Idem
786 1582 1000 1624 Archelao.

187 1662 387 1719 Regnum
402 1657 560 1701 tenenti
578 1656 681 1698 defit
700 1656 756 1698 ad
775 1655 904 1698 vitam
925 1656 1068 1698 Dessm*

132 1733 407 1778 Immunitate
425 1731 574 1774 mortis
592 1738 767 1788 excepta
779 1719 902 1771 'nihiJL
947 1736 951 1743 ‘

247 1858 255 1866 ,
626 1805 666 1847 6.
688 1805 808 1847 Idem
826 1802 976 1863 AEgeo.

193 1882 385 1926 Perferre
403 1895 582 1938 regnum
600 1894 699 1937 rege
719 1878 799 1921 sub
811 1878 931 1936 justo
942 1875 1079 1935 juva't.

493 1995 498 1998 ,
524 1964 563 2008 7.
585 1952 802 1994 Hesiodus
821 1941 1082 2008 mog-onia.

196 2029 271 2072 Ab
289 2030 401 2071 Jove
420 2035 519 2070 sunt
537 2041 670 2084 reges,
689 2024 790 2067 felix
810 2023 883 2066 sed
902 2033 946 2066 et
961 2023 1032 2065 ille
1052 2022 1266 2065 Camoenis

140 2102 331 2146 Dilectus
350 2098 612 2157 dulcem'qui
630 2097 774 2140 fundit
792 2097 846 2139 ab
866 2111 938 2139 ore
956 2095 1179 2154 loquelam.

515 2219 818 2272 TITULUS
849 2214 1091 2266 XLVIII.

399 2348 402 2351 »
428 2320 847 2363 ADMON1T10NES
875 2319 953 2358 DE
979 2318 1182 2358 REGNO.

514 2420 549 2450 1.
570 2405 807 2464 Eua—iffides
826 2402 1050 2446 Plisthevae.

205 2483 248 2525 N
250 2497 297 2525 ec
314 2488 403 2524 tota
421 2479 552 2538 vulgo
570 2478 702 2521 fraena
719 2475 931 2519 committe
948 2474 1112 2531 imperi,

150 2555 363 2599 Tribuens
382 2569 457 2597 nec
475 2552 629 2610 opibus
645 2550 742 2609 plus
761 2548 874 2600 satis,
893 2546 1059 2605 plebem
1078 2561 1232 2604 preme.

151 2627 292 2671 Plebis
311 2635 496 2668 tuentem
509 2624 611 2683 jura
627 2638 703 2666 nec
720 2620 829 2680 pelle
847 2617 1047 2670 exsulem,

151 2700 244 2743 Nec
260 2698 417 2741 honore
436 2696 611 2740 nimium
631 2694 758 2743 tolle3
789 2707 842 2735 ne
860 2690 1134 2750 popularibus

157 2771 364 2816 Suffultus
382 2770 493 2814 auris
511 2767 692 2812 vindioet
709 2779 886 2823 regnum
904 2762 994 2806 sibi.
