<?xml version="1.0" encoding="UTF-8"?>
<!DOCTYPE html PUBLIC "-//W3C//DTD XHTML 1.0 Transitional//EN"
    "http://www.w3.org/TR/xhtml1/DTD/xhtml1-transitional.dtd">
<html xmlns="http://www.w3.org/1999/xhtml" xml:lang="en" lang="en">
 <head>
  <title>
</title>
<meta http-equiv="Content-Type" content="text/html;charset=utf-8" />
  <meta name='ocr-system' content='tesseract 3.04.00' />
  <meta name='ocr-capabilities' content='ocr_page ocr_carea ocr_par ocr_line ocrx_word'/>
</head>
<body>
  <div class='ocr_page' id='page_1' title='image "./iannoustovaiouan04stovuoft_0021.png"; bbox 0 0 1838 3276; ppageno 0'>
   <div class='ocr_carea' id='block_1_1' title="bbox 0 0 79 805">
    <p class='ocr_par' dir='ltr' id='par_1_1' title="bbox 0 0 79 805">
     <span class='ocr_line' id='line_1_1' title="bbox 0 0 79 805; baseline 0 2471"><span class='ocrx_word' id='word_1_1' title='bbox 0 0 79 805; x_wconf 95' lang='lat' dir='ltr'><strong> </strong></span> 
     </span>
    </p>
   </div>
   <div class='ocr_carea' id='block_1_2' title="bbox 534 290 1197 356">
    <p class='ocr_par' dir='ltr' id='par_1_2' title="bbox 534 290 1197 356">
     <span class='ocr_line' id='line_1_2' title="bbox 534 290 1197 356; baseline -0.008 -14"><span class='ocrx_word' id='word_1_2' title='bbox 534 290 1136 343; x_wconf 67' lang='lat' dir='ltr'>FLORILEGIUM.‘T11.</span> <span class='ocrx_word' id='word_1_3' title='bbox 1156 309 1197 356; x_wconf 85' lang='lat'><strong>3·</strong></span> 
     </span>
    </p>
   </div>
   <div class='ocr_carea' id='block_1_3' title="bbox 161 430 1269 791">
    <p class='ocr_par' dir='ltr' id='par_1_3' title="bbox 161 430 1269 791">
     <span class='ocr_line' id='line_1_3' title="bbox 590 430 1118 491; baseline -0.004 -17"><span class='ocrx_word' id='word_1_4' title='bbox 590 438 656 474; x_wconf 78' lang='lat'>&#39;20-</span> <span class='ocrx_word' id='word_1_5' title='bbox 676 430 913 491; x_wconf 70' lang='lat' dir='ltr'><strong>Euripides</strong></span> <span class='ocrx_word' id='word_1_6' title='bbox 931 431 1118 488; x_wconf 67' lang='lat' dir='ltr'><strong>Polyme.</strong></span> 
     </span>
     <span class='ocr_line' id='line_1_4' title="bbox 245 504 1141 562; baseline -0.001 -15"><span class='ocrx_word' id='word_1_7' title='bbox 245 505 446 562; x_wconf 82' lang='lat' dir='ltr'><strong>Quisquis</strong></span> <span class='ocrx_word' id='word_1_8' title='bbox 465 519 552 547; x_wconf 85' lang='lat' dir='ltr'><strong>suae</strong></span> <span class='ocrx_word' id='word_1_9' title='bbox 571 505 660 562; x_wconf 89' lang='lat' dir='ltr'><strong>ipse</strong></span> <span class='ocrx_word' id='word_1_10' title='bbox 678 504 812 546; x_wconf 80' lang='lat' dir='ltr'><strong>froena</strong></span> <span class='ocrx_word' id='word_1_11' title='bbox 830 513 993 546; x_wconf 82' lang='lat' dir='ltr'><strong>naturae</strong></span> <span class='ocrx_word' id='word_1_12' title='bbox 1013 513 1141 555; x_wconf 74' lang='lat' dir='ltr'><strong>tenet,</strong></span> 
     </span>
     <span class='ocr_line' id='line_1_5' title="bbox 161 570 1046 629; baseline -0.002 -7"><span class='ocrx_word' id='word_1_13' title='bbox 161 584 163 586; x_wconf 81' lang='grc'><strong>’</strong></span> <span class='ocrx_word' id='word_1_14' title='bbox 187 579 416 622; x_wconf 86' lang='lat' dir='ltr'><strong>Consulere</strong></span> <span class='ocrx_word' id='word_1_15' title='bbox 435 587 546 621; x_wconf 88' lang='lat' dir='ltr'><strong>recte</strong></span> <span class='ocrx_word' id='word_1_16' title='bbox 565 570 793 629; x_wconf 75' lang='lat' dir='ltr'><strong>commodis</strong></span> <span class='ocrx_word' id='word_1_17' title='bbox 812 577 929 627; x_wconf 78' lang='lat' dir='ltr'><strong>novit</strong></span> <span class='ocrx_word' id='word_1_18' title='bbox 949 577 1046 620; x_wconf 86' lang='lat' dir='ltr'><strong>suis.</strong></span> 
     </span>
     <span class='ocr_line' id='line_1_6' title="bbox 517 662 1198 726; baseline -0.003 -15"><span class='ocrx_word' id='word_1_19' title='bbox 517 681 584 711; x_wconf 88' lang='lat'><strong>21.</strong></span> <span class='ocrx_word' id='word_1_20' title='bbox 606 669 806 726; x_wconf 60' lang='lat' dir='ltr'><strong>scriptor</strong></span> <span class='ocrx_word' id='word_1_21' title='bbox 822 662 946 710; x_wconf 59' lang='lat' dir='ltr'><strong>aurei</strong></span> <span class='ocrx_word' id='word_1_22' title='bbox 967 668 1198 711; x_wconf 74' lang='lat' dir='ltr'><strong><em>Carminis.</em></strong></span> 
     </span>
     <span class='ocr_line' id='line_1_7' title="bbox 243 735 1269 791; baseline -0.003 -6"><span class='ocrx_word' id='word_1_23' title='bbox 243 742 460 785; x_wconf 89' lang='lat' dir='ltr'>Plurimus</span> <span class='ocrx_word' id='word_1_24' title='bbox 478 741 682 784; x_wconf 80' lang='lat' dir='ltr'><strong>humanas</strong></span> <span class='ocrx_word' id='word_1_25' title='bbox 699 755 835 784; x_wconf 89' lang='lat' dir='ltr'><strong>sermo</strong></span> <span class='ocrx_word' id='word_1_26' title='bbox 853 735 1043 785; x_wconf 76' lang='lat' dir='ltr'><strong>defertur</strong></span> <span class='ocrx_word' id='word_1_27' title='bbox 1060 739 1116 782; x_wconf 86' lang='lat' dir='ltr'><strong>ad</strong></span> <span class='ocrx_word' id='word_1_28' title='bbox 1133 755 1269 791; x_wconf 83' lang='lat' dir='ltr'><strong>aures,</strong></span> 
     </span>
    </p>
   </div>
   <div class='ocr_carea' id='block_1_4' title="bbox 184 805 1346 880">
    <p class='ocr_par' dir='ltr' id='par_1_4' title="bbox 184 805 1346 880">
     <span class='ocr_line' id='line_1_8' title="bbox 184 805 1346 880; baseline -0.003 -22"><span class='ocrx_word' id='word_1_29' title='bbox 184 815 289 858; x_wconf 89' lang='lat' dir='ltr'><strong>Inde</strong></span> <span class='ocrx_word' id='word_1_30' title='bbox 307 815 458 867; x_wconf 84' lang='lat' dir='ltr'><strong>bonus,</strong></span> <span class='ocrx_word' id='word_1_31' title='bbox 479 805 748 877; x_wconf 69' lang='lat' dir='ltr'><strong>mainsinde:</strong></span> <span class='ocrx_word' id='word_1_32' title='bbox 781 813 854 857; x_wconf 88' lang='lat' dir='ltr'><strong>sed</strong></span> <span class='ocrx_word' id='word_1_33' title='bbox 873 813 939 861; x_wconf 81' lang='lat' dir='ltr'><strong>his</strong></span> <span class='ocrx_word' id='word_1_34' title='bbox 958 822 1149 878; x_wconf 18' lang='lat' dir='ltr'><strong>tuyparce</strong></span> <span class='ocrx_word' id='word_1_35' title='bbox 1169 813 1346 880; x_wconf 56' lang='lat' dir='ltr'><strong>mpveri,</strong></span> 
     </span>
    </p>
   </div>
   <div class='ocr_carea' id='block_1_5' title="bbox 184 879 1272 1247">
    <p class='ocr_par' dir='ltr' id='par_1_5' title="bbox 185 879 1272 1090">
     <span class='ocr_line' id='line_1_9' title="bbox 185 879 1098 947; baseline -0.005 -15"><span class='ocrx_word' id='word_1_36' title='bbox 185 890 277 932; x_wconf 87' lang='lat' dir='ltr'><strong>Nec</strong></span> <span class='ocrx_word' id='word_1_37' title='bbox 294 905 422 931; x_wconf 89' lang='lat' dir='ltr'><strong>cursu</strong></span> <span class='ocrx_word' id='word_1_38' title='bbox 441 889 611 932; x_wconf 81' lang='lat' dir='ltr'><strong>desiste:</strong></span> <span class='ocrx_word' id='word_1_39' title='bbox 644 879 968 946; x_wconf 60' lang='lat' dir='ltr'><strong>peti-mendacia</strong></span> <span class='ocrx_word' id='word_1_40' title='bbox 985 886 1098 947; x_wconf 81' lang='lat' dir='ltr'><strong>disce</strong></span> 
     </span>
     <span class='ocr_line' id='line_1_10' title="bbox 186 959 1272 1005; baseline -0.002 -1"><span class='ocrx_word' id='word_1_41' title='bbox 186 962 371 1005; x_wconf 68' lang='lat' dir='ltr'><strong>Leniter.</strong></span> <span class='ocrx_word' id='word_1_42' title='bbox 423 964 532 1005; x_wconf 81' lang='lat' dir='ltr'><strong>Haec</strong></span> <span class='ocrx_word' id='word_1_43' title='bbox 551 977 651 1004; x_wconf 87' lang='lat' dir='ltr'><strong>vero</strong></span> <span class='ocrx_word' id='word_1_44' title='bbox 670 960 747 1004; x_wconf 86' lang='lat' dir='ltr'><strong>tibi</strong></span> <span class='ocrx_word' id='word_1_45' title='bbox 767 960 850 1003; x_wconf 86' lang='lat' dir='ltr'><strong>sint</strong></span> <span class='ocrx_word' id='word_1_46' title='bbox 869 969 966 1002; x_wconf 85' lang='lat' dir='ltr'><strong>ante</strong></span> <span class='ocrx_word' id='word_1_47' title='bbox 984 959 1125 1003; x_wconf 80' lang='lat' dir='ltr'><strong>omnia</strong></span> <span class='ocrx_word' id='word_1_48' title='bbox 1142 974 1272 1002; x_wconf 74' lang='lat' dir='ltr'><strong>curaex</strong></span> 
     </span>
     <span class='ocr_line' id='line_1_11' title="bbox 185 1032 1176 1090; baseline -0.004 -12"><span class='ocrx_word' id='word_1_49' title='bbox 185 1036 285 1078; x_wconf 89' lang='lat' dir='ltr'><strong>Non</strong></span> <span class='ocrx_word' id='word_1_50' title='bbox 305 1035 429 1077; x_wconf 85' lang='lat' dir='ltr'><strong>dictis</strong></span> <span class='ocrx_word' id='word_1_51' title='bbox 447 1034 538 1087; x_wconf 82' lang='lat' dir='ltr'><strong>tibi,</strong></span> <span class='ocrx_word' id='word_1_52' title='bbox 560 1049 644 1076; x_wconf 87' lang='lat' dir='ltr'><strong>non</strong></span> <span class='ocrx_word' id='word_1_53' title='bbox 664 1033 785 1075; x_wconf 80' lang='lat' dir='ltr'><strong>factis</strong></span> <span class='ocrx_word' id='word_1_54' title='bbox 803 1032 1052 1090; x_wconf 83' lang='lat' dir='ltr'><strong>persuadeat</strong></span> <span class='ocrx_word' id='word_1_55' title='bbox 1071 1032 1176 1080; x_wconf 76' lang='lat' dir='ltr'><strong>alter</strong></span> 
     </span>
    </p>

    <p class='ocr_par' dir='ltr' id='par_1_6' title="bbox 184 1104 1245 1247">
     <span class='ocr_line' id='line_1_12' title="bbox 184 1104 1158 1164; baseline -0.005 -13"><span class='ocrx_word' id='word_1_56' title='bbox 184 1110 251 1151; x_wconf 90' lang='lat' dir='ltr'><strong>Ut</strong></span> <span class='ocrx_word' id='word_1_57' title='bbox 270 1108 398 1159; x_wconf 79' lang='lat' dir='ltr'><strong>dicas,</strong></span> <span class='ocrx_word' id='word_1_58' title='bbox 418 1107 558 1158; x_wconf 78' lang='lat' dir='ltr'><strong>facias,</strong></span> <span class='ocrx_word' id='word_1_59' title='bbox 577 1107 694 1164; x_wconf 92' lang='lat' dir='ltr'><strong>quod</strong></span> <span class='ocrx_word' id='word_1_60' title='bbox 714 1106 867 1157; x_wconf 86' lang='lat' dir='ltr'><strong>rectius</strong></span> <span class='ocrx_word' id='word_1_61' title='bbox 886 1114 992 1147; x_wconf 67' lang='lat' dir='ltr'><strong>aeset</strong></span> <span class='ocrx_word' id='word_1_62' title='bbox 1011 1104 1158 1151; x_wconf 82' lang='lat' dir='ltr'><strong>omitti.</strong></span> 
     </span>
     <span class='ocr_line' id='line_1_13' title="bbox 185 1171 1245 1247; baseline -0.005 -23"><span class='ocrx_word' id='word_1_63' title='bbox 185 1184 292 1234; x_wconf 83' lang='lat' dir='ltr'><strong>Quae</strong></span> <span class='ocrx_word' id='word_1_64' title='bbox 312 1181 502 1247; x_wconf 78' lang='lat' dir='ltr'><strong>nocitura</strong></span> <span class='ocrx_word' id='word_1_65' title='bbox 520 1195 636 1230; x_wconf 83' lang='lat' dir='ltr'><strong>cave:</strong></span> <span class='ocrx_word' id='word_1_66' title='bbox 670 1171 751 1221; x_wconf 74' lang='lat' dir='ltr'><strong>sint</strong></span> <span class='ocrx_word' id='word_1_67' title='bbox 771 1179 942 1229; x_wconf 77' lang='lat' dir='ltr'><strong>consilia</strong></span> <span class='ocrx_word' id='word_1_68' title='bbox 958 1187 1055 1220; x_wconf 82' lang='lat' dir='ltr'><strong>ante</strong></span> <span class='ocrx_word' id='word_1_69' title='bbox 1073 1178 1245 1225; x_wconf 83' lang='lat' dir='ltr'><strong>labores,</strong></span> 
     </span>
    </p>
   </div>
   <div class='ocr_carea' id='block_1_6' title="bbox 245 1268 1122 1400">
    <p class='ocr_par' dir='ltr' id='par_1_7' title="bbox 245 1268 1122 1400">
     <span class='ocr_line' id='line_1_14' title="bbox 536 1268 1109 1325; baseline -0.005 -13"><span class='ocrx_word' id='word_1_70' title='bbox 536 1311 539 1316; x_wconf 87' lang='grc'><strong>,</strong></span> <span class='ocrx_word' id='word_1_71' title='bbox 592 1280 660 1312; x_wconf 85' lang='lat'><strong>22.</strong></span> <span class='ocrx_word' id='word_1_72' title='bbox 678 1269 915 1325; x_wconf 71' lang='lat' dir='ltr'><strong>Euripides</strong></span> <span class='ocrx_word' id='word_1_73' title='bbox 936 1268 1109 1315; x_wconf 49' lang='lat' dir='ltr'><strong>Peliaszz</strong></span> 
     </span>
     <span class='ocr_line' id='line_1_15' title="bbox 245 1341 1122 1400; baseline -0.003 -13"><span class='ocrx_word' id='word_1_74' title='bbox 245 1344 432 1388; x_wconf 79' lang='lat' dir='ltr'><strong>Stimulis</strong></span> <span class='ocrx_word' id='word_1_75' title='bbox 450 1351 669 1400; x_wconf 81' lang='lat' dir='ltr'><strong>potentum</strong></span> <span class='ocrx_word' id='word_1_76' title='bbox 690 1357 743 1384; x_wconf 89' lang='lat' dir='ltr'><strong>ne</strong></span> <span class='ocrx_word' id='word_1_77' title='bbox 762 1341 993 1384; x_wconf 78' lang='lat' dir='ltr'><strong>recalcitres</strong></span> <span class='ocrx_word' id='word_1_78' title='bbox 1011 1356 1122 1388; x_wconf 75' lang='lat' dir='ltr'><strong>cave,</strong></span> 
     </span>
    </p>
   </div>
   <div class='ocr_carea' id='block_1_7' title="bbox 185 1432 1301 2894">
    <p class='ocr_par' dir='ltr' id='par_1_8' title="bbox 485 1432 1083 1490">
     <span class='ocr_line' id='line_1_16' title="bbox 485 1432 1083 1490; baseline -0.003 -14"><span class='ocrx_word' id='word_1_79' title='bbox 485 1467 489 1470; x_wconf 83' lang='lat'><em>-</em></span> <span class='ocrx_word' id='word_1_80' title='bbox 572 1467 574 1469; x_wconf 50' lang='lat'>&gt;</span> <span class='ocrx_word' id='word_1_81' title='bbox 652 1466 656 1470; x_wconf 76' lang='lat'><em>-</em></span> <span class='ocrx_word' id='word_1_82' title='bbox 685 1436 751 1490; x_wconf 79' lang='lat'><strong>2‘3.</strong></span> <span class='ocrx_word' id='word_1_83' title='bbox 773 1432 1024 1475; x_wconf 58' lang='lat' dir='ltr'><strong>Menander.</strong></span> <span class='ocrx_word' id='word_1_84' title='bbox 1077 1448 1083 1451; x_wconf 85' lang='lat'>·</span> 
     </span>
    </p>

    <p class='ocr_par' dir='ltr' id='par_1_9' title="bbox 185 1506 1296 1712">
     <span class='ocr_line' id='line_1_17' title="bbox 246 1506 1296 1565; baseline -0.002 -15"><span class='ocrx_word' id='word_1_85' title='bbox 246 1508 288 1551; x_wconf 91' lang='lat' dir='ltr'><strong>Si</strong></span> <span class='ocrx_word' id='word_1_86' title='bbox 310 1508 386 1550; x_wconf 84' lang='lat' dir='ltr'><strong>tibi</strong></span> <span class='ocrx_word' id='word_1_87' title='bbox 406 1507 521 1565; x_wconf 92' lang='lat' dir='ltr'><strong>quod</strong></span> <span class='ocrx_word' id='word_1_88' title='bbox 541 1506 788 1565; x_wconf 84' lang='lat' dir='ltr'><strong>nihilo-plus</strong></span> <span class='ocrx_word' id='word_1_89' title='bbox 805 1515 868 1548; x_wconf 61' lang='lat' dir='ltr'><strong>est</strong></span> <span class='ocrx_word' id='word_1_90' title='bbox 886 1506 1050 1549; x_wconf 83' lang='lat' dir='ltr'><strong>dederit</strong></span> <span class='ocrx_word' id='word_1_91' title='bbox 1069 1506 1296 1563; x_wconf 68' lang='lat' dir='ltr'><strong>quispiam,</strong></span> 
     </span>
     <span class='ocr_line' id='line_1_18' title="bbox 186 1578 1288 1638; baseline -0.001 -15"><span class='ocrx_word' id='word_1_92' title='bbox 186 1578 447 1633; x_wconf 58' lang='lat' dir='ltr'><strong>Quimfillum</strong></span> <span class='ocrx_word' id='word_1_93' title='bbox 462 1581 780 1623; x_wconf 74' lang='lat' dir='ltr'><strong>dederitsume:</strong></span> <span class='ocrx_word' id='word_1_94' title='bbox 812 1595 910 1623; x_wconf 81' lang='lat' dir='ltr'><strong>nam</strong></span> <span class='ocrx_word' id='word_1_95' title='bbox 928 1580 1120 1638; x_wconf 79' lang='lat' dir='ltr'><strong>quamvis</strong></span> <span class='ocrx_word' id='word_1_96' title='bbox 1139 1595 1288 1637; x_wconf 88' lang='lat' dir='ltr'><strong>parum</strong></span> 
     </span>
     <span class='ocr_line' id='line_1_19' title="bbox 185 1653 1243 1712; baseline -0.003 -15"><span class='ocrx_word' id='word_1_97' title='bbox 185 1655 405 1712; x_wconf 77' lang='lat' dir='ltr'><strong>Accipere,</strong></span> <span class='ocrx_word' id='word_1_98' title='bbox 426 1654 562 1696; x_wconf 83' lang='lat' dir='ltr'><strong>multo</strong></span> <span class='ocrx_word' id='word_1_99' title='bbox 579 1654 765 1712; x_wconf 79' lang='lat' dir='ltr'><strong>accipere</strong></span> <span class='ocrx_word' id='word_1_100' title='bbox 776 1653 880 1712; x_wconf 60' lang='lat' dir='ltr'><strong>‘plus&#39;</strong></span> <span class='ocrx_word' id='word_1_101' title='bbox 898 1665 961 1696; x_wconf 88' lang='lat' dir='ltr'><strong>est</strong></span> <span class='ocrx_word' id='word_1_102' title='bbox 980 1668 1107 1711; x_wconf 80' lang='lat' dir='ltr'><strong>quam</strong></span> <span class='ocrx_word' id='word_1_103' title='bbox 1128 1653 1243 1695; x_wconf 87' lang='lat' dir='ltr'>nihil.</span> 
     </span>
    </p>

    <p class='ocr_par' dir='ltr' id='par_1_10' title="bbox 654 1743 1036 1803">
     <span class='ocr_line' id='line_1_20' title="bbox 654 1743 1036 1803; baseline -0.005 -14"><span class='ocrx_word' id='word_1_104' title='bbox 654 1746 657 1747; x_wconf 44' lang='lat'><em>⁷</em></span> <span class='ocrx_word' id='word_1_105' title='bbox 705 1743 730 1789; x_wconf 67' lang='grc' dir='ltr'><strong>α’</strong></span> <span class='ocrx_word' id='word_1_106' title='bbox 731 1757 773 1803; x_wconf 99' lang='grc'><em>5</em></span> <span class='ocrx_word' id='word_1_107' title='bbox 795 1748 1000 1789; x_wconf 70' lang='lat' dir='ltr'><strong>Incertus.</strong></span> <span class='ocrx_word' id='word_1_108' title='bbox 1032 1760 1036 1765; x_wconf 91' lang='lat'><em>·</em></span> 
     </span>
    </p>

    <p class='ocr_par' dir='ltr' id='par_1_11' title="bbox 188 1817 1301 2024">
     <span class='ocr_line' id='line_1_21' title="bbox 244 1817 1301 1877; baseline -0.003 -16"><span class='ocrx_word' id='word_1_109' title='bbox 244 1820 412 1861; x_wconf 85' lang='lat' dir='ltr'><strong>Bonum</strong></span> <span class='ocrx_word' id='word_1_110' title='bbox 432 1819 715 1877; x_wconf 84' lang='lat' dir='ltr'><strong>undequaque</strong></span> <span class='ocrx_word' id='word_1_111' title='bbox 733 1819 964 1862; x_wconf 81' lang='lat' dir='ltr'><strong>maximum</strong></span> <span class='ocrx_word' id='word_1_112' title='bbox 985 1817 1211 1876; x_wconf 85' lang='lat' dir='ltr'><strong>prudentia</strong></span> <span class='ocrx_word' id='word_1_113' title='bbox 1229 1827 1301 1859; x_wconf 81' lang='lat' dir='ltr'><strong>est.</strong></span> 
     </span>
     <span class='ocr_line' id='line_1_22' title="bbox 188 1890 1206 1950; baseline -0.002 -16"><span class='ocrx_word' id='word_1_114' title='bbox 188 1892 325 1949; x_wconf 85' lang='lat' dir='ltr'><strong>Cujus</strong></span> <span class='ocrx_word' id='word_1_115' title='bbox 344 1902 454 1934; x_wconf 81' lang='lat' dir='ltr'><strong>notae</strong></span> <span class='ocrx_word' id='word_1_116' title='bbox 475 1893 528 1935; x_wconf 86' lang='lat' dir='ltr'><strong>sit</strong></span> <span class='ocrx_word' id='word_1_117' title='bbox 546 1892 739 1950; x_wconf 88' lang='lat' dir='ltr'><strong>quisque,</strong></span> <span class='ocrx_word' id='word_1_118' title='bbox 760 1891 961 1934; x_wconf 85' lang='lat' dir='ltr'><strong>indicium</strong></span> <span class='ocrx_word' id='word_1_119' title='bbox 981 1890 1114 1934; x_wconf 85' lang='lat' dir='ltr'><strong>oratio</strong></span> <span class='ocrx_word' id='word_1_120' title='bbox 1133 1901 1206 1932; x_wconf 88' lang='lat' dir='ltr'><strong>est.</strong></span> 
     </span>
     <span class='ocr_line' id='line_1_23' title="bbox 188 1965 1098 2024; baseline 0.001 -16"><span class='ocrx_word' id='word_1_121' title='bbox 188 1966 394 2008; x_wconf 81' lang='lat' dir='ltr'><strong>Praeclara</strong></span> <span class='ocrx_word' id='word_1_122' title='bbox 413 1982 478 2008; x_wconf 86' lang='lat' dir='ltr'><strong>res</strong></span> <span class='ocrx_word' id='word_1_123' title='bbox 496 1975 572 2018; x_wconf 88' lang='lat' dir='ltr'><strong>est,</strong></span> <span class='ocrx_word' id='word_1_124' title='bbox 593 1981 713 2009; x_wconf 86' lang='lat' dir='ltr'><strong>nosse</strong></span> <span class='ocrx_word' id='word_1_125' title='bbox 731 1965 931 2024; x_wconf 80' lang='lat' dir='ltr'><strong>praeclara</strong></span> <span class='ocrx_word' id='word_1_126' title='bbox 948 1965 1098 2009; x_wconf 85' lang='lat' dir='ltr'><strong>omnia.</strong></span> 
     </span>
    </p>

    <p class='ocr_par' dir='ltr' id='par_1_12' title="bbox 188 2038 960 2096">
     <span class='ocr_line' id='line_1_24' title="bbox 188 2038 960 2096; baseline 0.001 -16"><span class='ocrx_word' id='word_1_127' title='bbox 188 2038 287 2080; x_wconf 88' lang='lat' dir='ltr'><strong>Eris</strong></span> <span class='ocrx_word' id='word_1_128' title='bbox 306 2039 469 2091; x_wconf 86' lang='lat' dir='ltr'><strong>beatus,</strong></span> <span class='ocrx_word' id='word_1_129' title='bbox 490 2054 633 2096; x_wconf 85' lang='lat' dir='ltr'><strong>sapere</strong></span> <span class='ocrx_word' id='word_1_130' title='bbox 653 2039 687 2081; x_wconf 88' lang='lat' dir='ltr'><strong>si</strong></span> <span class='ocrx_word' id='word_1_131' title='bbox 706 2047 818 2081; x_wconf 79' lang='lat' dir='ltr'><strong>recte</strong></span> <span class='ocrx_word' id='word_1_132' title='bbox 837 2039 960 2081; x_wconf 82' lang='lat' dir='ltr'><strong>vales.</strong></span> 
     </span>
    </p>

    <p class='ocr_par' dir='ltr' id='par_1_13' title="bbox 189 2111 1216 2313">
     <span class='ocr_line' id='line_1_25' title="bbox 189 2111 1216 2169; baseline -0.002 -15"><span class='ocrx_word' id='word_1_133' title='bbox 189 2113 394 2154; x_wconf 76' lang='lat' dir='ltr'><strong>Praestare</strong></span> <span class='ocrx_word' id='word_1_134' title='bbox 414 2126 576 2169; x_wconf 90' lang='lat' dir='ltr'><strong>semper</strong></span> <span class='ocrx_word' id='word_1_135' title='bbox 594 2111 716 2154; x_wconf 84' lang='lat' dir='ltr'><strong>crede</strong></span> <span class='ocrx_word' id='word_1_136' title='bbox 735 2111 851 2168; x_wconf 91' lang='lat' dir='ltr'><strong>quod</strong></span> <span class='ocrx_word' id='word_1_137' title='bbox 872 2111 1126 2153; x_wconf 87' lang='lat' dir='ltr'><strong>tutissimum</strong></span> <span class='ocrx_word' id='word_1_138' title='bbox 1145 2119 1216 2153; x_wconf 91' lang='lat' dir='ltr'><strong>est.</strong></span> 
     </span>
     <span class='ocr_line' id='line_1_26' title="bbox 189 2185 1126 2242; baseline -0.003 -16"><span class='ocrx_word' id='word_1_139' title='bbox 189 2185 270 2226; x_wconf 90' lang='lat' dir='ltr'><strong>Est</strong></span> <span class='ocrx_word' id='word_1_140' title='bbox 288 2200 411 2242; x_wconf 87' lang='lat' dir='ltr'><strong>agere</strong></span> <span class='ocrx_word' id='word_1_141' title='bbox 430 2194 556 2235; x_wconf 81' lang='lat' dir='ltr'><strong>recte,</strong></span> <span class='ocrx_word' id='word_1_142' title='bbox 578 2199 722 2241; x_wconf 88' lang='lat' dir='ltr'><strong>sapere</strong></span> <span class='ocrx_word' id='word_1_143' title='bbox 740 2197 825 2225; x_wconf 91' lang='lat' dir='ltr'><strong>non</strong></span> <span class='ocrx_word' id='word_1_144' title='bbox 844 2191 955 2225; x_wconf 83' lang='lat' dir='ltr'><strong>recte</strong></span> <span class='ocrx_word' id='word_1_145' title='bbox 976 2191 1126 2224; x_wconf 82' lang='lat' dir='ltr'><strong>tamen.</strong></span> 
     </span>
     <span class='ocr_line' id='line_1_27' title="bbox 189 2255 880 2313; baseline -0.004 -14"><span class='ocrx_word' id='word_1_146' title='bbox 189 2257 332 2300; x_wconf 78' lang='lat' dir='ltr'><strong>Petita</strong></span> <span class='ocrx_word' id='word_1_147' title='bbox 351 2272 453 2300; x_wconf 85' lang='lat' dir='ltr'><strong>cura</strong></span> <span class='ocrx_word' id='word_1_148' title='bbox 472 2257 601 2299; x_wconf 84' lang='lat' dir='ltr'><strong>vincit</strong></span> <span class='ocrx_word' id='word_1_149' title='bbox 618 2255 880 2313; x_wconf 61' lang='lat' dir='ltr'><strong>imperitiamss</strong></span> 
     </span>
    </p>

    <p class='ocr_par' dir='ltr' id='par_1_14' title="bbox 188 2327 1173 2682">
     <span class='ocr_line' id='line_1_28' title="bbox 188 2327 1056 2389; baseline -0.005 -15"><span class='ocrx_word' id='word_1_150' title='bbox 188 2331 318 2374; x_wconf 80' lang='lat' dir='ltr'><strong>Evasi</strong></span> <span class='ocrx_word' id='word_1_151' title='bbox 336 2331 485 2374; x_wconf 82' lang='lat' dir='ltr'><strong>doctus</strong></span> <span class='ocrx_word' id='word_1_152' title='bbox 505 2339 693 2389; x_wconf 70' lang='lat' dir='ltr'><strong>spectans</strong></span> <span class='ocrx_word' id='word_1_153' title='bbox 709 2329 844 2372; x_wconf 79' lang='lat' dir='ltr'><strong>aliena</strong></span> <span class='ocrx_word' id='word_1_154' title='bbox 861 2327 917 2370; x_wconf 81' lang='lat' dir='ltr'><strong>ad</strong></span> <span class='ocrx_word' id='word_1_155' title='bbox 936 2328 1056 2371; x_wconf 81' lang='lat' dir='ltr'><strong>mala.</strong></span> 
     </span>
     <span class='ocr_line' id='line_1_29' title="bbox 189 2395 1158 2463; baseline -0.006 -15"><span class='ocrx_word' id='word_1_156' title='bbox 189 2406 374 2448; x_wconf 86' lang='lat' dir='ltr'><strong>Amatur</strong></span> <span class='ocrx_word' id='word_1_157' title='bbox 391 2405 556 2463; x_wconf 82' lang='lat' dir='ltr'><strong>genitor</strong></span> <span class='ocrx_word' id='word_1_158' title='bbox 574 2404 643 2446; x_wconf 86' lang='lat' dir='ltr'><strong>cui</strong></span> <span class='ocrx_word' id='word_1_159' title='bbox 663 2419 740 2461; x_wconf 88' lang='lat' dir='ltr'><strong>pro</strong></span> <span class='ocrx_word' id='word_1_160' title='bbox 759 2402 822 2445; x_wconf 84' lang='lat' dir='ltr'><strong>ira</strong></span> <span class='ocrx_word' id='word_1_161' title='bbox 836 2395 1066 2460; x_wconf 29' lang='lat' dir='ltr'><strong>&#39;prudentia</strong></span> <span class='ocrx_word' id='word_1_162' title='bbox 1086 2410 1158 2443; x_wconf 88' lang='lat' dir='ltr'><strong>est.</strong></span> 
     </span>
     <span class='ocr_line' id='line_1_30' title="bbox 189 2475 1173 2535; baseline -0.005 -15"><span class='ocrx_word' id='word_1_163' title='bbox 189 2479 381 2521; x_wconf 82' lang='lat' dir='ltr'><strong>Fortuna</strong></span> <span class='ocrx_word' id='word_1_164' title='bbox 399 2478 433 2520; x_wconf 88' lang='lat' dir='ltr'><strong>si</strong></span> <span class='ocrx_word' id='word_1_165' title='bbox 452 2477 574 2528; x_wconf 82' lang='lat' dir='ltr'><strong>adsit,</strong></span> <span class='ocrx_word' id='word_1_166' title='bbox 596 2488 740 2535; x_wconf 83' lang='lat' dir='ltr'><strong>sapere</strong></span> <span class='ocrx_word' id='word_1_167' title='bbox 759 2492 824 2518; x_wconf 88' lang='lat' dir='ltr'><strong>res</strong></span> <span class='ocrx_word' id='word_1_168' title='bbox 844 2475 1082 2518; x_wconf 84' lang='lat' dir='ltr'><strong>dulcissima</strong></span> <span class='ocrx_word' id='word_1_169' title='bbox 1100 2484 1173 2516; x_wconf 85' lang='lat' dir='ltr'><strong>est.</strong></span> 
     </span>
     <span class='ocr_line' id='line_1_31' title="bbox 189 2538 1141 2609; baseline -0.004 -16"><span class='ocrx_word' id='word_1_170' title='bbox 189 2551 275 2593; x_wconf 87' lang='lat' dir='ltr'><strong>Odi</strong></span> <span class='ocrx_word' id='word_1_171' title='bbox 293 2552 527 2609; x_wconf 88' lang='lat' dir='ltr'><strong>professum</strong></span> <span class='ocrx_word' id='word_1_172' title='bbox 547 2566 704 2608; x_wconf 83' lang='lat' dir='ltr'><strong>sapere,</strong></span> <span class='ocrx_word' id='word_1_173' title='bbox 716 2549 799 2607; x_wconf 89' lang='lat' dir='ltr'><strong>qui</strong></span> <span class='ocrx_word' id='word_1_174' title='bbox 821 2538 899 2591; x_wconf 83' lang='lat' dir='ltr'><strong>sibi</strong></span> <span class='ocrx_word' id='word_1_175' title='bbox 918 2563 1002 2591; x_wconf 89' lang='lat' dir='ltr'><strong>non</strong></span> <span class='ocrx_word' id='word_1_176' title='bbox 1022 2548 1141 2605; x_wconf 86' lang='lat' dir='ltr'><strong>sapit.</strong></span> 
     </span>
     <span class='ocr_line' id='line_1_32' title="bbox 190 2621 935 2682; baseline -0.007 -15"><span class='ocrx_word' id='word_1_177' title='bbox 190 2626 306 2667; x_wconf 90' lang='lat' dir='ltr'><strong>Bene</strong></span> <span class='ocrx_word' id='word_1_178' title='bbox 318 2625 511 2682; x_wconf 84' lang='lat' dir='ltr'><strong>judicare</strong></span> <span class='ocrx_word' id='word_1_179' title='bbox 529 2623 666 2680; x_wconf 83' lang='lat' dir='ltr'><strong>majus</strong></span> <span class='ocrx_word' id='word_1_180' title='bbox 680 2631 743 2665; x_wconf 88' lang='lat' dir='ltr'><strong>est</strong></span> <span class='ocrx_word' id='word_1_181' title='bbox 762 2621 935 2664; x_wconf 84' lang='lat' dir='ltr'><strong>silentio.</strong></span> 
     </span>
    </p>

    <p class='ocr_par' dir='ltr' id='par_1_15' title="bbox 190 2688 1227 2894">
     <span class='ocr_line' id='line_1_33' title="bbox 190 2688 1227 2748; baseline -0.005 -15"><span class='ocrx_word' id='word_1_182' title='bbox 190 2691 341 2733; x_wconf 85' lang='lat' dir='ltr'><strong>Valens</strong></span> <span class='ocrx_word' id='word_1_183' title='bbox 361 2691 496 2748; x_wconf 71' lang='lat' dir='ltr'><strong>sagaci</strong></span> <span class='ocrx_word' id='word_1_184' title='bbox 514 2700 667 2741; x_wconf 78' lang='lat' dir='ltr'><strong>mente,</strong></span> <span class='ocrx_word' id='word_1_185' title='bbox 687 2688 804 2746; x_wconf 87' lang='lat' dir='ltr'><strong>quod</strong></span> <span class='ocrx_word' id='word_1_186' title='bbox 823 2701 1002 2746; x_wconf 85' lang='lat' dir='ltr'><strong>pravum</strong></span> <span class='ocrx_word' id='word_1_187' title='bbox 1017 2698 1092 2738; x_wconf 77' lang='lat' dir='ltr'><strong>est,</strong></span> <span class='ocrx_word' id='word_1_188' title='bbox 1114 2688 1227 2744; x_wconf 73' lang='lat' dir='ltr'><strong>fuge.</strong></span> 
     </span>
     <span class='ocr_line' id='line_1_34' title="bbox 191 2761 1154 2821; baseline -0.005 -14"><span class='ocrx_word' id='word_1_189' title='bbox 191 2763 303 2807; x_wconf 87' lang='lat' dir='ltr'><strong>Odio</strong></span> <span class='ocrx_word' id='word_1_190' title='bbox 319 2773 395 2815; x_wconf 89' lang='lat' dir='ltr'><strong>est,</strong></span> <span class='ocrx_word' id='word_1_191' title='bbox 417 2764 659 2821; x_wconf 88' lang='lat' dir='ltr'><strong>quicunque</strong></span> <span class='ocrx_word' id='word_1_192' title='bbox 677 2772 830 2820; x_wconf 83' lang='lat' dir='ltr'><strong>praeter</strong></span> <span class='ocrx_word' id='word_1_193' title='bbox 851 2771 1015 2804; x_wconf 75' lang='lat' dir='ltr'><strong>aetatem</strong></span> <span class='ocrx_word' id='word_1_194' title='bbox 1035 2761 1154 2818; x_wconf 80' lang='lat' dir='ltr'><strong>sapit.</strong></span> 
     </span>
     <span class='ocr_line' id='line_1_35' title="bbox 193 2835 1169 2894; baseline -0.004 -14"><span class='ocrx_word' id='word_1_195' title='bbox 193 2837 307 2888; x_wconf 86' lang='lat' dir='ltr'><strong>Quid</strong></span> <span class='ocrx_word' id='word_1_196' title='bbox 327 2837 482 2894; x_wconf 83' lang='lat' dir='ltr'><strong>cogites</strong></span> <span class='ocrx_word' id='word_1_197' title='bbox 502 2836 578 2879; x_wconf 85' lang='lat' dir='ltr'><strong>scit</strong></span> <span class='ocrx_word' id='word_1_198' title='bbox 598 2851 742 2879; x_wconf 89' lang='lat' dir='ltr'><strong>nemo:</strong></span> <span class='ocrx_word' id='word_1_199' title='bbox 774 2835 880 2892; x_wconf 88' lang='lat' dir='ltr'><strong>quid</strong></span> <span class='ocrx_word' id='word_1_200' title='bbox 899 2835 1026 2877; x_wconf 69' lang='lat' dir='ltr'><strong>foeias</strong></span> <span class='ocrx_word' id='word_1_201' title='bbox 1044 2844 1169 2892; x_wconf 82' lang='lat' dir='ltr'><strong>patet.</strong></span> 
     </span>
    </p>
   </div>
   <div class='ocr_carea' id='block_1_8' title="bbox 1472 308 1520 350">
    <p class='ocr_par' dir='ltr' id='par_1_16' title="bbox 1472 308 1520 350">
     <span class='ocr_line' id='line_1_36' title="bbox 1472 308 1520 350; baseline 0 0"><span class='ocrx_word' id='word_1_202' title='bbox 1472 308 1520 350; x_wconf 83' lang='grc' dir='ltr'><strong>Ι3</strong></span> 
     </span>
    </p>
   </div>
  </div>
 </body>
</html>
