1838 3276
383 296 431 336 18
772 292 1035 334 IOANNIS
1067 290 1304 333 STOBAEI

892 418 930 449 2.
952 406 1200 464 Euripides.

437 480 526 521 Nec
546 494 677 531 nosse,
700 493 775 520 nec
795 477 937 520 videre
956 493 1054 534 quae
1068 477 1318 535 peccaveriS‚

379 553 459 594 Est
479 551 698 594 incitamen
716 550 876 608 grande
894 550 1168 593 confidentiae.
1214 579 1217 582 -

760 674 761 677 Ἰ
899 635 939 680 3.
961 620 1189 666 Hesiodus.

433 698 578 739 Mente
597 706 708 739 caret
727 696 917 754 quisquis
936 706 1094 739 certare
1113 696 1356 754 potentibus
1374 695 1521 738 audet:

377 772 460 828 Spe
481 771 567 812 sine
587 769 779 812 vincendi
798 769 1005 827 probrum
1025 769 1138 811 subit
1158 777 1286 827 atque
1305 768 1479 811 dolores.

885 853 927 895 4.
948 842 1200 884 Memmder.

432 915 598 958 Malum
620 924 682 957 est
701 915 755 957 ab
775 914 943 973 optione
963 914 1220 972 desipientia.

894 1001 935 1043 5.
957 987 1190 1045 Sophocles.

431 1060 550 1102 Nihil
568 1060 770 1103 scientum
791 1060 945 1102 vulnus
964 1059 1224 1102 intractabile
1244 1068 1318 1101 est.
1359 1115 1367 1119 ν

884 1137 926 1177 6.
946 1135 1198 1177 Menander.

427 1209 526 1251 Tibi
546 1209 579 1250 si
599 1224 736 1260 noces,
759 1209 952 1254 Fortuna
969 1223 1046 1250 cur
1065 1207 1185 1250 audit
1205 1206 1338 1249 male?

822 1292 861 1337 7.
884 1281 1002 1322 Idem
1022 1280 1252 1321 Militibus.

428 1364 449 1384 '¹
467 1355 594 1397 Latet
611 1369 734 1397 omne
753 1354 910 1412 crimen
930 1353 1034 1396 dum
1053 1354 1115 1406 fit,
1137 1353 1211 1395 sed
1230 1361 1436 1411 quantum
1459 1351 1535 1394 siet

373 1427 530 1479 Scelus,
550 1436 721 1485 peracto
740 1426 891 1469 scelere
910 1426 1083 1469 demum
1102 1425 1322 1483 intelligas.
1516 1408 1524 1421 ι

943 1499 981 1541 8.
1004 1500 1134 1542 Idem.

426 1584 446 1603 ⁰
459 1572 702 1618 Miseranda
719 1589 785 1617 res
805 1584 867 1617 est
888 1590 1022 1632 usque
1042 1590 1092 1616 eo
1113 1574 1354 1633 delinquere

370 1650 434 1691 Ut
453 1664 529 1691 nos
548 1658 660 1691 vetet
679 1648 867 1706 proferre
886 1647 1152 1691 commissum
1171 1648 1325 1706 pudor.

829 1735 868 1777 9.
890 1723 1128 1780 Euripides
1150 1723 1244 1764 Ino-

425 1795 559 1838 Multi
578 1795 736 1838 feroces
757 1795 907 1853 spiritu
925 1795 1173 1838 indomabili

369 1870 456 1912 Sua
470 1868 748 1912 obtenebrant
765 1867 933 1921 damna,
954 1868 1026 1911 vel'
1041 1868 1181 1912 clades
1199 1878 1363 1927 tegunt.

800 1954 864 1983 10.
885 1942 1004 1983 Idem
1029 1942 1254 1984 Temenisi.

424 2013 639 2056 Vecordiae
659 2030 724 2056 res
743 2015 869 2072 plena
887 2014 1098 2073 dejectum
1118 2024 1250 2068 metu,

367 2087 559 2129 Fortuna
579 2088 612 2130 si
633 2088 738 2145 quid
757 2088 883 2141 afflet,
905 2088 1065 2130 animos
1085 2087 1241 2130 tollere.

856 2172 920 2203 11.
943 2160 1058 2203 Idem
1078 2161 1216 2203 AEolo.

419 2233 630 2292 Principia
647 2235 773 2277 finem
793 2250 877 2278 non
896 2235 1057 2277 bonum
1077 2242 1301 2293 expectant
1320 2235 1441 2278 mala.

894 2321 959 2352 12.
983 2307 1168 2366 Sappho.

422 2380 521 2421 Non
541 2381 685 2422 Famae
705 2381 899 2423 memoris
917 2389 1013 2438 post
1027 2380 1191 2423 obitum
1211 2396 1350 2439 penna
1369 2381 1635 2438 superstitem

363 2454 430 2495 Te
451 2453 627 2496 sublime
646 2454 784 2505 vehet,
806 2453 953 2497 Pieriis
973 2453 1041 2496 cui
1061 2465 1189 2512 caput
1206 2459 1271 2497 'est
1288 2454 1391 2497 rosis

364 2527 596 2569 Intactum:
629 2527 702 2570 sed
721 2527 830 2570 iners
850 2527 894 2570 in
916 2527 1066 2586 Stygio
1084 2541 1196 2570 nunc
1222 2543 1393 2586 quoque
1421 2543 1583 2572 carcere
1612 2570 1627 2577 ἡ

362 2598 528 2641 Umbra
546 2598 690 2657 ignota
707 2599 824 2652 lates,
845 2600 944 2642 vilia
962 2615 1038 2643 nee
1056 2599 1211 2643 deseris
1229 2601 1411 2659 agmina.
1623 2586 1629 2592 .

860 2687 925 2730 13.
947 2675 1198 2717 Menander.

420 2745 506 2786 Res
526 2760 635 2787 caeca
649 2746 750 2788 mihi
770 2745 938 2789 videtur
957 2746 1251 2805 imprudentia.

651 2859 665 2874 ¹¹
679 2854 776 2886 Refer
789 2855 829 2886 ad
845 2854 915 2887 Tit.
932 2855 977 2887 11.
1240 2862 1254 2876 ⁶
1270 2855 1406 2888 Eodem.
