1780 3178
405 282 867 327 FLORILEGIUM„
898 283 998 326 Trr.
1025 295 1117 327 120-

518 468 822 517 TITULUS
855 467 1016 516 CXX.

573 593 712 632 LAUS
740 593 964 632 MORTIS.

482 702 517 730 1.
541 689 780 747 Euripides
805 691 1062 734 Troadibus.

158 762 280 805 Audi
299 770 374 804 tuo
392 761 530 804 auimo
548 761 666 819 quod
683 762 815 805 feram
836 763 1028 806 solatium
1040 781 1053 806 ε

102 836 211 878 Haec
230 850 317 877 esse
331 834 426 877 dico
443 834 575 892 paria,
595 849 679 876 non
698 834 811 876 nasci
829 843 872 877 et
891 836 1011 878 mori.

599 919 636 951 2.
658 907 947 950 Aristarchus.

157 982 197 1023 O
216 995 342 1033 morS,
355 979 553 1038 superbis
571 980 660 1023 sola
676 995 774 1038 quae
792 980 974 1023 fraenum
992 981 1137 1039 injicis.

580 1067 621 1111 3.
645 1055 953 1098 Chalcidamas.

157 1128 331 1187 Optima
347 1143 437 1171 sors
454 1127 613 1170 homini
632 1143 717 1170 non
736 1128 804 1170 edi
823 1128 867 1170 in
883 1128 1053 1170 luminis
1071 1144 1178 1181 oras,

98 1204 195 1245 Aut
213 1210 360 1254 uatum
378 1201 519 1244 subito
537 1201 766 1259 penetralia
785 1201 899 1244 Ditis
917 1201 1044 1244 adire.

614 1287 655 1327 4
682 1275 913 1333 Theognis.

99 1348 272 1407 Optima
291 1363 378 1391 sors
395 1347 555 1390 homini
574 1356 721 1390 natum
740 1363 826 1391 non
845 1363 947 1401 esse,
969 1364 1046 1391 nec
1066 1364 1255 1407 unquam

156 1422 384 1480 Aspexisse
403 1421 515 1463 diem
532 1420 913 1478 flammiferumque
925 1421 1070 1478 jubar.

99 1495 245 1538 Altera
256 1495 347 1553 jam
366 1494 557 1552 genitum
576 1493 740 1536 demitti
759 1493 952 1551 protinus
972 1495 1098 1546 Orco,

155 1569 215 1612 Et
232 1584 422 1627 pressum
441 1568 577 1610 multa
594 1583 782 1625 mergere
800 1567 1114 1625 corpus-humo.

579 1650 621 1697 5.
643 1641 951 1698 Nmtolemus.

140 1702 313 1759 'Nostra
330 1717 374 1758 in
393 1725 540 1774 sponte
556 1716 680 1767 fores,
701 1724 743 1758 te
760 1715 954 1773 protinus
973 1714 1184 1771 eligerem,
1206 1714 1341 1764 Mors,

101 1790 357 1847 Infestaeque
375 1789 470 1832 licet
489 1789 567 1831 tibi
585 1804 653 1831 me
671 1789 889 1846 profiterer
909 1787 1100 1830 amicum.

106 1851 113 1859 ⁶
462 1861 518 1902 .6.
538 1861 776 1918 Euripides
795 1860 1057 1902 Heraclidis.

502 1934 546 1976 Si
566 1934 670 1991 quid
689 1943 753 1976 est
771 1933 888 1990 apud
905 1933 1074 1984 inferos,

100 2007 227 2059 Quod
246 2022 298 2049 ne
318 2007 370 2049 sit
389 2007 562 2049 utinam.
612 2007 810 2063 Namque
829 2005 863 2047 si
881 2005 1049 2047 functos
1069 2019 1168 2046 nece

100 2083 227 2124 Curae
246 2091 480 2138 sequuntur
498 2089 626 2137 atque
646 2079 957 2131 sollicitudines,

99 2154 199 2195 Non
218 2152 341 2216 video
359 2168 456 2210 quae
474 2151 669 2210 praesidia
686 2158 916 2208 captemus,
935 2149 1055 2191 malis

100 2225 280 2278 Quando
298 2225 529 2268 remedium
548 2224 733 2266 creditur
751 2223 911 2265 cunctis
930 2218 1078 2264 mori.·'

498 2308 536 2352 7.
553 2296 774 2354 Scphoclee
793 2295 1027 2336 Philoctete.

157 2371 278 2412 Mors
297 2368 445 2412 ultima
462 2377 525 2411 est
543 2367 750 2410 medicina
767 2366 1009 2409 morborum
1028 2364 1236 2407 omnium·

462 2441 501 2482 8.
520 2440 762 2483 Menander
782 2438 1065 2499 Bisfhllente.

158 2514 284 2557 Flore
301 2514 345 2556 in
358 2513 537 2571 juvenili,
553 2512 730 2554 moritur
749 2526 875 2568 quem
898 2511 958 2553 Di
979 2509 1173 2567 diligunt.

627 2598 667 2638 9.
689 2584 903 2626 Leonides.

157 2659 233 2702 Ad
251 2659 479 2702 inferorum
498 2663 627 2715 regua
646 2656 856 2698 deducens
875 2654 955 2697 iter

102 2734 282 2777 Securus
300 2732 431 2774 intra:
463 2730 622 2788 quippe
640 2743 726 2772 non
740 2726 1019 2781 concaedibm,

101 2805 200 2846 Non
220 2801 634 2859 tortuosisimpedita
648 2799 922 2850 anfractibus,

762 2887 787 2913 U
812 2884 836 2915 2

1353 293 1431 338 291
