1780 3178
469 237 937 283 FLORILEGIUM.
968 239 1070 285 Trr.
1093 243 1161 287 66.

145 337 260 382 Tum
280 355 380 384 vero
398 342 523 400 periit
543 359 646 387 usus
664 344 962 391 simulachrum
982 349 1187 403 omnium,

146 412 240 456 Nisi
259 428 327 458 ars
345 415 502 473 peritos
514 417 682 474 judiees
700 417 917 464 invenerit.

184 535 188 539 δ
668 495 708 534 6.
730 493 960 539 Homerus.

198 561 264 604 At
281 561 445 620 sapiens
463 563 648 608 thalamo
667 581 711 609 se
730 567 967 628 Penelopea
985 570 1161 624 ferebat,

141 634 239 686 Quo
257 636 397 680 Diana
413 638 568 696 gradu,
588 639 704 697 quali
724 641 869 685 Venus
886 658 1015 707 aiu-ea
1032 645 1172 689 vultu.

516 723 555 768 7.
576 715 850 773 Memphim
872 718 1110 761 Cincinnis.

197 782 341 826 Multa
357 799 434 842 per
452 785 672 844 Europam
693 787 931 845 Libyaeque
949 789 1153 848 Asiaeque
1170 806 1248 849 per
1267 793 1392 835 urbes

135 852 235 896 Vidi
253 870 429 914 corpora
446 857 642 915 pulchra,-
658 859 776 918 vagis
794 860 1007 905 erroribus
1024 872 1168 906 actus:

136 928 370 986 Nunquam
389 930 472 973 tale
491 939 631 975 tamen
650 947 738 976 sese
757 933 887 976 decus
905 934 1084 978 obtulit:
1115 935 1228 993 ipsos

135 1000 253 1052 Quin
272 1002 456 1060 Superos
473 1003 545 1046 vix
564 1020 640 1047 ora
657 1015 764 1063 puto
783 1014 870 1049 tam
889 1006 1069 1064 pulchra
1088 1007 1212 1059 tueri,

134 1073 274 1125 Quam
293 1074 397 1117 mihi
415 1091 512 1134 quae
532 1077 672 1120 subito
691 1087 873 1121 mentem
892 1079 1072 1122 vastavit
1090 1079 1245 1137 imago,

43 1206 55 1214 χ
134 1146 189 1189 Vi
208 1163 306 1206 quoe
324 1148 410 1191 vim
428 1149 547 1192 fandi
566 1160 748 1209 superat.
799 1153 938 1203 Quam
958 1152 1076 1195 triste
1094 1152 1243 1195 silebat

135 1222 240 1265 Huc
257 1222 357 1266 illuc
376 1223 554 1267 volitans
571 1224 763 1267 animus?
794 1234 886 1267 tum
907 1240 1098 1268 summus
1115 1225 1171 1268 ab
1189 1225 1275 1268 imo

134 1296 332 1339 Membra
348 1296 639 1355 liquescebam.
689 1299 721 1340 J
722 1313 790 1341 am
809 1307 977 1356 pectore
995 1308 1173 1342 cesserat
1191 1301 1306 1342 omni

132 1368 321 1412 Graeeia:
347 1369 439 1427 jam
456 1370 640 1413 reditum
659 1371 928 1429 properantia
946 1381 1046 1415 vota
1057 1372 1270 1430 jacebant,

131 1442 281 1499 Atque
298 1443 499 1487 exantlati
519 1453 630 1487 terra
647 1444 882 1502 pelagoque
901 1444 1076 1488 labores.

133 1514 202 1558 Sic
222 1516 366 1574 stupui
385 1526 510 1560 totus.
559 1517 644 1560 Sed
658 1517 768 1560 enim
789 1526 987 1576 suggesta
1003 1518 1157 1577 capilli,

131 1588 434 1647 Florentesque
452 1592 582 1633 oomae
599 1590 734 1633 nodos
751 1598 919 1632 eantare
937 1599 1161 1633 memento.

131 1662 308 1713 Qualem
327 1678 407 1721 ego
426 1671 468 1705 te
486 1678 692 1720 egressam
712 1662 799 1705 vidi
819 1663 940 1706 felice
958 1663 1124 1707 lavacro

132 1733 383 1792 Fulgentem
397 1735 498 1778 late!
529 1735 587 1778 sic
606 1735 716 1778 trina
732 1736 927 1779 aseendit>
937 1736 1111 1795 Olympi

132 1807 313 1851 Culmen
332 1798 530 1852 Acidalio
549 1809 782 1867 desurgens
802 1810 952 1853 Gratia
970 1810 1099 1853 fonte.

533 1988 836 2038 TITULUS
870 1989 1055 2038 LXVI.

411 2087 632 2126 CONTRA
661 2087 1182 2133 PULCHRITUDINEM.

527 2185 563 2214 1.
585 2171 822 2230 Euripides
844 2173 1063 2230 OEdipode.

185 2244 421 2302 Spectanda
439 2259 556 2287 mens
574 2253 648 2287 est.
694 2244 768 2287 Nil
787 2244 916 2287 decus
935 2246 1082 2287 formae
1094 2245 1220 2302 juvat

125 2316 171 2358 Si
189 2315 366 2381 pulcher
382 2316 491 2360 absit
510 2316 675 2360 animus
692 2325 735 2360 et
754 2325 869 2360 recta
886 2317 1059 2360 indoles.

567 2403 606 2435 2.
627 2391 747 2433 Idem
770 2391 1022 2449 Cho-ymo.

182 2462 267 2514 Qui
286 2473 424 2507 mente
442 2463 586 2522 pollet,
606 2464 743 2507 valeat
761 2463 804 2508 et
823 2473 990 2522 promta
1009 2479 1149 2507 manu.

122 2537 311 2594 Turpem
331 2553 418 2581 esse
437 2546 609 2596 praestat
626 2553 698 2582 ore
717 2553 845 2596 quam
864 2538 1091 2595 pulchrum
1110 2546 1152 2580 et
1171 2537 1339 2581 malum.

191 2778 284 2807 vm,-
304 2778 362 2806 IV.
786 2777 822 2804 Μ

1406 249 1481 290 161
