1780 3178
400 226 865 274 FLORILEGIUM.
896 228 998 272 Trr.
1013 242 1083 287 39.
1345 237 1400 282 95

538 343 760 401 Scsphocles
778 343 920 400 Ajace.

126 411 265 475 Serpit
279 417 407 475 juxta
426 416 532 458 livor
550 415 786 458 habentem.

606 488 867 545 Phoqylides.

124 558 316 605 Alterius
335 562 441 605 laetis
459 560 546 604 noli
566 574 818 603 macrescere
836 559 976 602 rebus.

15 690 18 692 .
66 635 235 677 Invidia
253 635 404 678 caelum
423 642 544 677 vacat
562 642 607 676 et
623 647 728 691 gens
746 640 838 674 tota
856 631 1046 673 Deorum
1064 647 1074 672 ε

69 709 168 750 Non
189 708 342 750 Phoebi
361 707 489 750 radiis
507 697 737 764 majoribus
754 703 900 746 invida
918 704 1096 755 Phoebe,

70 785 168 826 Non
187 795 300 826 terra
317 783 489 826 inferior
508 781 598 824 caeli
616 779 885 838 laquearibus
900 778 1012 830 altis,

71 858 171 900 Non
189 872 332 900 amnes
350 856 527 915 pelago:
558 854 633 897 sed
650 854 810 897 habent
828 853 920 895 haec
938 850 1079 894 omnia
1095 864 1256 908 pacem.

571 930 639 972 28.
661 927 904 986 AEschylue.
935 947 938 950 ·

131 1003 284 1046 Paucis
302 1002 347 1045 id
366 1002 473 1045 adeo
490 1011 554 1045 est
571 1001 745 1044 insitum
762 999 1023 1050 mortalibus,

75 1077 298 1121 Feliciores
318 1085 367 1119 ut
386 1076 477 1119 sine
495 1075 655 1118 invidia
672 1075 823 1117 colant.

568 1163 636 1206 29.
657 1147 912 1190 Menander.
990 1176 993 1179 -

134 1225 408 1279 Adolescens,
428 1223 473 1266 id
493 1222 612 1281 quod
630 1237 697 1265 res
714 1231 778 1264 est
796 1236 882 1263 non
900 1219 1108 1277 intelligis.

77 1298 192 1341 Vitio
211 1309 360 1355 suopte
378 1305 687 1339 consumuntur
705 1294 885 1351 singula,

78 1374 140 1416 Et
158 1371 219 1414 rei
237 1371 443 1429 cujusque
461 1369 661 1428 pernities
677 1368 793 1411 intus
810 1367 923 1409 latet.

82 1448 180 1489 Hoc
198 1455 262 1489 est
279 1446 452 1503 ferrugo
470 1445 598 1496 ferro,
618 1443 653 1486 si
670 1441 921 1493 consideres,

81 1520 226 1578 Ligno
245 1519 404 1571 teredo,
426 1519 633 1576 tineaeque
652 1517 853 1560 vestibus.

84 1594 254 1637 Invidia
271 1610 387 1647 vero,
405 1593 523 1652 quod
541 1592 749 1636 malorum
766 1590 992 1649 pessimum
1011 1599 1089 1639 est,

83 1668 245 1710 Tabem
265 1667 420 1710 creavit
438 1678 481 1710 et
500 1666 658 1710 creabit
676 1674 720 1708 et
737 1674 865 1716 creat,

86 1741 195 1783 Vere
214 1741 376 1783 satelles
395 1739 523 1783 animi
543 1738 731 1796 corrupti
750 1737 891 1795 impia.

460 1880 766 1947 TITULUS
799 1895 1049 1944 xxxix.

602 2010 677 2048 DE
707 2009 915 2047 PATRIA.

604 2118 641 2147 1.
662 2105 912 2162 Euripides.

155 2185 314 2225 Omnes
333 2188 520 2222 amantes
538 2178 686 2236 patriae
699 2193 778 2235 pro
795 2176 966 2235 publica

9 2282 14 2285 -
98 2256 244 2298 Salute
262 2253 400 2297 verbis
419 2266 549 2309 reque
566 2250 724 2294 conniti
742 2250 874 2292 decet.

324 2337 326 2339 “
631 2336 669 2367 2.
691 2325 899 2365 luemus.

158 2400 343 2443 Patriam
364 2409 414 2441 ut
433 2413 653 2456 recuperes
671 2412 725 2439 ne
743 2396 864 2439 labor
882 2395 959 2438 tibi
979 2396 1031 2437 sit
1050 2394 1200 2452 gravis.

483 2483 525 2527 3.
546 2470 785 2527 Euripides
804 2469 1052 2511 Plaaenassiss.

158 2549 213 2591 A.
234 2546 426 2598 Homini,
448 2554 497 2586 ut
515 2543 699 2595 videtur,
720 2542 858 2600 patria
875 2556 942 2584 res
961 2540 1201 2584 dulcissima
1219 2549 1292 2582 est.

106 2623 159 2665 Β.
177 2622 315 2672 Quam
335 2619 471 2662 dulcis
490 2617 562 2660 illa
581 2616 711 2660 fando
729 2631 813 2659 non
830 2615 986 2673 possim
1005 2614 1181 2670 assequi.

637 2704 678 2743 4.
700 2691 907 2732 Incertus.

110 2767 296 2811 Patriam
317 2766 440 2808 dulce
459 2774 522 2807 est
541 2764 728 2807 habitare
746 2763 880 2813 bonis,
