<?xml version="1.0" encoding="UTF-8"?>
<!DOCTYPE html PUBLIC "-//W3C//DTD XHTML 1.0 Transitional//EN"
    "http://www.w3.org/TR/xhtml1/DTD/xhtml1-transitional.dtd">
<html xmlns="http://www.w3.org/1999/xhtml" xml:lang="en" lang="en">
 <head>
  <title>
</title>
<meta http-equiv="Content-Type" content="text/html;charset=utf-8" />
  <meta name='ocr-system' content='tesseract 3.04.00' />
  <meta name='ocr-capabilities' content='ocr_page ocr_carea ocr_par ocr_line ocrx_word'/>
</head>
<body>
  <div class='ocr_page' id='page_1' title='image "./iannoustovaiouan04stovuoft_0074.png"; bbox 0 0 1838 3276; ppageno 0'>
   <div class='ocr_carea' id='block_1_1' title="bbox 465 262 1399 309">
    <p class='ocr_par' dir='ltr' id='par_1_1' title="bbox 465 262 1399 309">
     <span class='ocr_line' id='line_1_1' title="bbox 465 262 1399 309; baseline -0.002 0"><span class='ocrx_word' id='word_1_1' title='bbox 465 267 523 309; x_wconf 93' lang='lat'><strong>66</strong></span> <span class='ocrx_word' id='word_1_2' title='bbox 860 264 1062 308; x_wconf 82' lang='lat' dir='ltr'>IOANN</span> <span class='ocrx_word' id='word_1_3' title='bbox 1065 263 1122 307; x_wconf 90' lang='lat' dir='ltr'><strong>IS</strong></span> <span class='ocrx_word' id='word_1_4' title='bbox 1154 262 1399 308; x_wconf 83' lang='lat' dir='ltr'>STOBAEI</span> 
     </span>
    </p>
   </div>
   <div class='ocr_carea' id='block_1_2' title="bbox 465 378 1591 1247">
    <p class='ocr_par' dir='ltr' id='par_1_2' title="bbox 465 378 1591 1247">
     <span class='ocr_line' id='line_1_2' title="bbox 467 378 1415 437; baseline -0.003 -14"><span class='ocrx_word' id='word_1_5' title='bbox 467 382 644 423; x_wconf 84' lang='lat' dir='ltr'><strong>Deserta</strong></span> <span class='ocrx_word' id='word_1_6' title='bbox 662 388 704 422; x_wconf 89' lang='lat' dir='ltr'><strong>et</strong></span> <span class='ocrx_word' id='word_1_7' title='bbox 724 379 789 421; x_wconf 89' lang='lat' dir='ltr'><strong>his</strong></span> <span class='ocrx_word' id='word_1_8' title='bbox 807 388 1030 431; x_wconf 85' lang='lat' dir='ltr'><strong>contemta,</strong></span> <span class='ocrx_word' id='word_1_9' title='bbox 1050 378 1292 437; x_wconf 83' lang='lat' dir='ltr'><strong>praesidium</strong></span> <span class='ocrx_word' id='word_1_10' title='bbox 1312 378 1415 420; x_wconf 85' lang='lat' dir='ltr'><strong>mihi</strong></span> 
     </span>
     <span class='ocr_line' id='line_1_3' title="bbox 468 451 1430 510; baseline -0.003 -14"><span class='ocrx_word' id='word_1_11' title='bbox 468 456 584 506; x_wconf 82' lang='lat' dir='ltr'><strong>Quos</strong></span> <span class='ocrx_word' id='word_1_12' title='bbox 605 453 745 496; x_wconf 88' lang='lat' dir='ltr'><strong>decuit</strong></span> <span class='ocrx_word' id='word_1_13' title='bbox 765 455 877 495; x_wconf 85' lang='lat' dir='ltr'><strong>esse?</strong></span> <span class='ocrx_word' id='word_1_14' title='bbox 906 452 1044 495; x_wconf 87' lang='lat' dir='ltr'><strong>cordis</strong></span> <span class='ocrx_word' id='word_1_15' title='bbox 1063 452 1205 510; x_wconf 84' lang='lat' dir='ltr'><strong>ignavi</strong></span> <span class='ocrx_word' id='word_1_16' title='bbox 1225 460 1288 494; x_wconf 86' lang='lat' dir='ltr'><strong>est</strong></span> <span class='ocrx_word' id='word_1_17' title='bbox 1306 451 1430 493; x_wconf 85' lang='lat' dir='ltr'><strong>nimis</strong></span> 
     </span>
     <span class='ocr_line' id='line_1_4' title="bbox 469 526 1317 588; baseline -0.005 -16"><span class='ocrx_word' id='word_1_18' title='bbox 469 530 650 588; x_wconf 73' lang='lat' dir='ltr'><strong>Flagitia</strong></span> <span class='ocrx_word' id='word_1_19' title='bbox 669 538 786 571; x_wconf 85' lang='lat' dir='ltr'><strong>tanta</strong></span> <span class='ocrx_word' id='word_1_20' title='bbox 804 543 924 586; x_wconf 87' lang='lat' dir='ltr'><strong>posse</strong></span> <span class='ocrx_word' id='word_1_21' title='bbox 944 526 1121 569; x_wconf 79' lang='lat' dir='ltr'><strong>inultam</strong></span> <span class='ocrx_word' id='word_1_22' title='bbox 1141 526 1317 584; x_wconf 81' lang='lat' dir='ltr'>perpeti.</span> 
     </span>
     <span class='ocr_line' id='line_1_5' title="bbox 469 597 1579 658; baseline -0.005 -13"><span class='ocrx_word' id='word_1_23' title='bbox 469 603 566 656; x_wconf 86' lang='lat' dir='ltr'><strong>Sed,</strong></span> <span class='ocrx_word' id='word_1_24' title='bbox 587 603 736 654; x_wconf 88' lang='lat' dir='ltr'><strong>anime,</strong></span> <span class='ocrx_word' id='word_1_25' title='bbox 758 617 811 643; x_wconf 89' lang='lat' dir='ltr'><strong>ne</strong></span> <span class='ocrx_word' id='word_1_26' title='bbox 831 609 879 643; x_wconf 92' lang='lat' dir='ltr'><strong>tu</strong></span> <span class='ocrx_word' id='word_1_27' title='bbox 900 609 941 643; x_wconf 92' lang='lat' dir='ltr'><strong>te</strong></span> <span class='ocrx_word' id='word_1_28' title='bbox 961 612 1132 658; x_wconf 91' lang='lat' dir='ltr'><strong>quoque</strong></span> <span class='ocrx_word' id='word_1_29' title='bbox 1150 599 1217 640; x_wconf 85' lang='lat' dir='ltr'><strong>his</strong></span> <span class='ocrx_word' id='word_1_30' title='bbox 1235 598 1368 657; x_wconf 87' lang='lat' dir='ltr'>prode</span> <span class='ocrx_word' id='word_1_31' title='bbox 1386 598 1430 640; x_wconf 88' lang='lat' dir='ltr'><strong>in</strong></span> <span class='ocrx_word' id='word_1_32' title='bbox 1450 597 1579 640; x_wconf 82' lang='lat' dir='ltr'><strong>malis.</strong></span> 
     </span>
     <span class='ocr_line' id='line_1_6' title="bbox 467 672 1591 729; baseline -0.005 -11"><span class='ocrx_word' id='word_1_33' title='bbox 467 676 580 718; x_wconf 90' lang='lat' dir='ltr'><strong>Proh</strong></span> <span class='ocrx_word' id='word_1_34' title='bbox 601 674 876 718; x_wconf 86' lang='lat' dir='ltr'><strong>constitutum</strong></span> <span class='ocrx_word' id='word_1_35' title='bbox 895 682 970 716; x_wconf 88' lang='lat' dir='ltr'><strong>est.</strong></span> <span class='ocrx_word' id='word_1_36' title='bbox 1021 672 1179 729; x_wconf 84' lang='lat' dir='ltr'>Fugite</span> <span class='ocrx_word' id='word_1_37' title='bbox 1197 680 1444 729; x_wconf 84' lang='lat' dir='ltr'><strong>conspectus</strong></span> <span class='ocrx_word' id='word_1_38' title='bbox 1462 685 1591 721; x_wconf 71' lang='lat' dir='ltr'><strong>mem,</strong></span> 
     </span>
     <span class='ocr_line' id='line_1_7' title="bbox 466 743 1425 808; baseline -0.003 -16"><span class='ocrx_word' id='word_1_39' title='bbox 466 751 497 792; x_wconf 84' lang='lat' dir='ltr'><strong>J</strong></span> <span class='ocrx_word' id='word_1_40' title='bbox 499 765 566 792; x_wconf 85' lang='lat' dir='ltr'><strong>am</strong></span> <span class='ocrx_word' id='word_1_41' title='bbox 586 750 735 808; x_wconf 85' lang='lat' dir='ltr'><strong>fugite,</strong></span> <span class='ocrx_word' id='word_1_42' title='bbox 757 749 888 807; x_wconf 87' lang='lat' dir='ltr'><strong>pueri.</strong></span> <span class='ocrx_word' id='word_1_43' title='bbox 940 743 1097 790; x_wconf 78' lang='lat' dir='ltr'><strong>Pectus</strong></span> <span class='ocrx_word' id='word_1_44' title='bbox 1113 746 1303 805; x_wconf 84' lang='lat' dir='ltr'><strong>implevit</strong></span> <span class='ocrx_word' id='word_1_45' title='bbox 1322 747 1425 789; x_wconf 87' lang='lat' dir='ltr'><strong>mihi</strong></span> 
     </span>
     <span class='ocr_line' id='line_1_8' title="bbox 468 820 1433 872; baseline -0.002 -8"><span class='ocrx_word' id='word_1_46' title='bbox 468 823 655 864; x_wconf 86' lang='lat' dir='ltr'><strong>Cruenta</strong></span> <span class='ocrx_word' id='word_1_47' title='bbox 673 821 819 863; x_wconf 83' lang='lat' dir='ltr'>rabies.</span> <span class='ocrx_word' id='word_1_48' title='bbox 870 821 910 863; x_wconf 91' lang='grc' dir='ltr'><strong>Ο</strong></span> <span class='ocrx_word' id='word_1_49' title='bbox 930 835 1094 872; x_wconf 83' lang='lat' dir='ltr'><strong>manus,</strong></span> <span class='ocrx_word' id='word_1_50' title='bbox 1114 820 1250 863; x_wconf 85' lang='lat' dir='ltr'><strong>ambae</strong></span> <span class='ocrx_word' id='word_1_51' title='bbox 1269 834 1433 871; x_wconf 78' lang='lat' dir='ltr'><strong>manus,</strong></span> 
     </span>
     <span class='ocr_line' id='line_1_9' title="bbox 467 894 1381 954; baseline -0.003 -15"><span class='ocrx_word' id='word_1_52' title='bbox 467 897 519 939; x_wconf 89' lang='lat' dir='ltr'><strong>In</strong></span> <span class='ocrx_word' id='word_1_53' title='bbox 542 896 666 954; x_wconf 77' lang='lat' dir='ltr'><strong>quale</strong></span> <span class='ocrx_word' id='word_1_54' title='bbox 684 895 847 939; x_wconf 81' lang='lat' dir='ltr'><strong>facinus</strong></span> <span class='ocrx_word' id='word_1_55' title='bbox 865 903 1006 938; x_wconf 88' lang='lat' dir='ltr'><strong>noster</strong></span> <span class='ocrx_word' id='word_1_56' title='bbox 1024 903 1213 937; x_wconf 85' lang='lat' dir='ltr'><strong>armatur</strong></span> <span class='ocrx_word' id='word_1_57' title='bbox 1231 894 1351 937; x_wconf 82' lang='lat' dir='ltr'><strong>furor</strong></span> <span class='ocrx_word' id='word_1_58' title='bbox 1362 897 1381 936; x_wconf 76' lang='grc' dir='ltr'><em>Ρ</em></span> 
     </span>
     <span class='ocr_line' id='line_1_10' title="bbox 465 968 1461 1026; baseline -0.003 -14"><span class='ocrx_word' id='word_1_59' title='bbox 465 970 661 1013; x_wconf 72' lang='lat' dir='ltr'><strong>Audacia</strong></span> <span class='ocrx_word' id='word_1_60' title='bbox 679 986 706 1012; x_wconf 93' lang='grc' dir='ltr'>ο</span> <span class='ocrx_word' id='word_1_61' title='bbox 723 969 968 1012; x_wconf 80' lang='lat' dir='ltr'><strong>miseranda.</strong></span> <span class='ocrx_word' id='word_1_62' title='bbox 1020 969 1159 1020; x_wconf 83' lang='lat' dir='ltr'><strong>Quam</strong></span> <span class='ocrx_word' id='word_1_63' title='bbox 1179 968 1326 1026; x_wconf 87' lang='lat' dir='ltr'><strong>longos</strong></span> <span class='ocrx_word' id='word_1_64' title='bbox 1345 982 1461 1010; x_wconf 89' lang='lat' dir='ltr'><strong>meos</strong></span> 
     </span>
     <span class='ocr_line' id='line_1_11' title="bbox 467 1040 1276 1099; baseline -0.002 -15"><span class='ocrx_word' id='word_1_65' title='bbox 467 1042 606 1084; x_wconf 87' lang='lat' dir='ltr'><strong>Perdo</strong></span> <span class='ocrx_word' id='word_1_66' title='bbox 625 1042 786 1084; x_wconf 84' lang='lat' dir='ltr'><strong>labores</strong></span> <span class='ocrx_word' id='word_1_67' title='bbox 805 1042 896 1099; x_wconf 82' lang='lat' dir='ltr'><strong>ipsa</strong></span> <span class='ocrx_word' id='word_1_68' title='bbox 915 1052 1128 1083; x_wconf 72' lang='lat' dir='ltr'><strong>momento</strong></span> <span class='ocrx_word' id='word_1_69' title='bbox 1146 1040 1276 1083; x_wconf 88' lang='lat' dir='ltr'><strong>brevi.</strong></span> 
     </span>
     <span class='ocr_line' id='line_1_12' title="bbox 877 1115 1390 1173; baseline -0.002 -17"><span class='ocrx_word' id='word_1_70' title='bbox 877 1128 902 1171; x_wconf 84' lang='lat'><strong>3</strong></span> <span class='ocrx_word' id='word_1_71' title='bbox 908 1125 948 1171; x_wconf 88' lang='lat'><strong>5.</strong></span> <span class='ocrx_word' id='word_1_72' title='bbox 970 1115 1208 1173; x_wconf 65' lang='lat' dir='ltr'><strong>Euripides</strong></span> <span class='ocrx_word' id='word_1_73' title='bbox 1222 1115 1390 1157; x_wconf 69' lang='lat' dir='ltr'><strong>Medea.</strong></span> 
     </span>
     <span class='ocr_line' id='line_1_13' title="bbox 524 1189 1437 1247; baseline 0 -16"><span class='ocrx_word' id='word_1_74' title='bbox 524 1190 585 1231; x_wconf 88' lang='lat' dir='ltr'><strong>Et</strong></span> <span class='ocrx_word' id='word_1_75' title='bbox 605 1204 716 1231; x_wconf 88' lang='lat' dir='ltr'><strong>nunc</strong></span> <span class='ocrx_word' id='word_1_76' title='bbox 736 1199 879 1247; x_wconf 85' lang='lat' dir='ltr'><strong>aperte</strong></span> <span class='ocrx_word' id='word_1_77' title='bbox 899 1198 1035 1241; x_wconf 82' lang='lat' dir='ltr'><strong>tueor,</strong></span> <span class='ocrx_word' id='word_1_78' title='bbox 1055 1198 1098 1231; x_wconf 92' lang='lat' dir='ltr'><strong>et</strong></span> <span class='ocrx_word' id='word_1_79' title='bbox 1118 1204 1229 1247; x_wconf 86' lang='lat' dir='ltr'><strong>saepe</strong></span> <span class='ocrx_word' id='word_1_80' title='bbox 1248 1189 1437 1240; x_wconf 77' lang='lat' dir='ltr'><strong>antehac,</strong></span> 
     </span>
    </p>
   </div>
   <div class='ocr_carea' id='block_1_3' title="bbox 467 1262 1445 1390">
    <p class='ocr_par' dir='ltr' id='par_1_3' title="bbox 467 1262 1445 1390">
     <span class='ocr_line' id='line_1_14' title="bbox 467 1262 1445 1320; baseline 0 -16"><span class='ocrx_word' id='word_1_81' title='bbox 467 1263 609 1305; x_wconf 82' lang='lat' dir='ltr'><strong>Grave</strong></span> <span class='ocrx_word' id='word_1_82' title='bbox 627 1262 795 1320; x_wconf 90' lang='lat' dir='ltr'><strong>pondus</strong></span> <span class='ocrx_word' id='word_1_83' title='bbox 813 1262 886 1305; x_wconf 84' lang='lat' dir='ltr'><strong>irae</strong></span> <span class='ocrx_word' id='word_1_84' title='bbox 906 1263 1016 1305; x_wconf 88' lang='lat' dir='ltr'><strong>ferre</strong></span> <span class='ocrx_word' id='word_1_85' title='bbox 1034 1277 1163 1319; x_wconf 82' lang='lat' dir='ltr'><strong>quam</strong></span> <span class='ocrx_word' id='word_1_86' title='bbox 1180 1262 1233 1305; x_wconf 87' lang='lat' dir='ltr'><strong>sit</strong></span> <span class='ocrx_word' id='word_1_87' title='bbox 1251 1262 1445 1305; x_wconf 81' lang='lat' dir='ltr'><strong>arduum.</strong></span> 
     </span>
     <span class='ocr_line' id='line_1_15' title="bbox 997 1334 1270 1390; baseline 0 -15"><span class='ocrx_word' id='word_1_88' title='bbox 997 1334 1068 1390; x_wconf 85' lang='lat'><strong>36.</strong></span> <span class='ocrx_word' id='word_1_89' title='bbox 1091 1335 1127 1377; x_wconf 94' lang='lat' dir='ltr'><strong><em>I</em></strong></span> <span class='ocrx_word' id='word_1_90' title='bbox 1125 1334 1270 1376; x_wconf 73' lang='lat' dir='ltr'><strong>bidem.</strong></span> 
     </span>
    </p>
   </div>
   <div class='ocr_carea' id='block_1_4' title="bbox 462 1405 1728 2783">
    <p class='ocr_par' dir='ltr' id='par_1_4' title="bbox 462 1405 1728 2783">
     <span class='ocr_line' id='line_1_16' title="bbox 523 1405 1371 1458; baseline 0 -11"><span class='ocrx_word' id='word_1_91' title='bbox 523 1406 715 1448; x_wconf 84' lang='lat' dir='ltr'><strong>Difficilis</strong></span> <span class='ocrx_word' id='word_1_92' title='bbox 734 1406 806 1448; x_wconf 81' lang='lat' dir='ltr'><strong>illa</strong></span> <span class='ocrx_word' id='word_1_93' title='bbox 823 1416 885 1449; x_wconf 86' lang='lat' dir='ltr'><strong>est</strong></span> <span class='ocrx_word' id='word_1_94' title='bbox 903 1406 966 1448; x_wconf 83' lang='lat' dir='ltr'><strong>ira</strong></span> <span class='ocrx_word' id='word_1_95' title='bbox 979 1415 1022 1448; x_wconf 89' lang='lat' dir='ltr'><strong>et</strong></span> <span class='ocrx_word' id='word_1_96' title='bbox 1041 1405 1371 1458; x_wconf 82' lang='lat' dir='ltr'><strong>immedicabilis,</strong></span> 
     </span>
     <span class='ocr_line' id='line_1_17' title="bbox 468 1477 1341 1536; baseline -0.001 -15"><span class='ocrx_word' id='word_1_97' title='bbox 468 1479 574 1530; x_wconf 83' lang='lat' dir='ltr'><strong>Quae</strong></span> <span class='ocrx_word' id='word_1_98' title='bbox 594 1479 712 1536; x_wconf 87' lang='lat' dir='ltr'><strong>prius</strong></span> <span class='ocrx_word' id='word_1_99' title='bbox 731 1478 884 1521; x_wconf 86' lang='lat' dir='ltr'><strong>amicos</strong></span> <span class='ocrx_word' id='word_1_100' title='bbox 904 1477 976 1521; x_wconf 88' lang='lat' dir='ltr'><strong>lite</strong></span> <span class='ocrx_word' id='word_1_101' title='bbox 995 1477 1219 1520; x_wconf 82' lang='lat' dir='ltr'><strong>committit</strong></span> <span class='ocrx_word' id='word_1_102' title='bbox 1238 1478 1341 1520; x_wconf 85' lang='lat' dir='ltr'><strong>fera.</strong></span> 
     </span>
     <span class='ocr_line' id='line_1_18' title="bbox 921 1550 1354 1607; baseline -0.002 -15"><span class='ocrx_word' id='word_1_103' title='bbox 921 1561 991 1607; x_wconf 86' lang='lat'><strong>37.</strong></span> <span class='ocrx_word' id='word_1_104' title='bbox 1014 1550 1133 1592; x_wconf 85' lang='lat' dir='ltr'><strong>Idem</strong></span> <span class='ocrx_word' id='word_1_105' title='bbox 1161 1550 1354 1607; x_wconf 74' lang='lat' dir='ltr'><strong>Telepho.</strong></span> 
     </span>
     <span class='ocr_line' id='line_1_19' title="bbox 523 1624 1421 1682; baseline -0.001 -16"><span class='ocrx_word' id='word_1_106' title='bbox 523 1625 705 1667; x_wconf 85' lang='lat' dir='ltr'><strong>Consilia</strong></span> <span class='ocrx_word' id='word_1_107' title='bbox 724 1634 774 1667; x_wconf 95' lang='lat' dir='ltr'><strong>ut</strong></span> <span class='ocrx_word' id='word_1_108' title='bbox 793 1625 866 1667; x_wconf 88' lang='lat' dir='ltr'><strong>irae</strong></span> <span class='ocrx_word' id='word_1_109' title='bbox 886 1625 1084 1682; x_wconf 76' lang='lat' dir='ltr'><strong>praeferas</strong></span> <span class='ocrx_word' id='word_1_110' title='bbox 1104 1633 1272 1681; x_wconf 90' lang='lat' dir='ltr'><strong>tempus</strong></span> <span class='ocrx_word' id='word_1_111' title='bbox 1285 1624 1421 1680; x_wconf 85' lang='lat' dir='ltr'><strong>jubet.</strong></span> 
     </span>
     <span class='ocr_line' id='line_1_20' title="bbox 934 1697 1335 1754; baseline -0.002 -15"><span class='ocrx_word' id='word_1_112' title='bbox 934 1697 1005 1754; x_wconf 82' lang='lat'><strong>38.</strong></span> <span class='ocrx_word' id='word_1_113' title='bbox 1028 1697 1148 1738; x_wconf 82' lang='lat' dir='ltr'><strong>Idem</strong></span> <span class='ocrx_word' id='word_1_114' title='bbox 1168 1698 1335 1741; x_wconf 75' lang='lat' dir='ltr'><strong>Medea.</strong></span> 
     </span>
     <span class='ocr_line' id='line_1_21' title="bbox 523 1769 1355 1828; baseline 0.004 -18"><span class='ocrx_word' id='word_1_115' title='bbox 523 1769 587 1811; x_wconf 89' lang='lat' dir='ltr'><strong>At</strong></span> <span class='ocrx_word' id='word_1_116' title='bbox 607 1770 709 1811; x_wconf 85' lang='lat' dir='ltr'><strong>mihi</strong></span> <span class='ocrx_word' id='word_1_117' title='bbox 730 1770 896 1828; x_wconf 85' lang='lat' dir='ltr'><strong>subegit</strong></span> <span class='ocrx_word' id='word_1_118' title='bbox 915 1770 979 1813; x_wconf 85' lang='lat' dir='ltr'><strong>ira</strong></span> <span class='ocrx_word' id='word_1_119' title='bbox 997 1770 1083 1813; x_wconf 88' lang='lat' dir='ltr'><strong>vim</strong></span> <span class='ocrx_word' id='word_1_120' title='bbox 1103 1771 1355 1828; x_wconf 84' lang='lat' dir='ltr'><strong>prudentiae‚</strong></span> 
     </span>
     <span class='ocr_line' id='line_1_22' title="bbox 465 1842 1359 1886; baseline 0 -2"><span class='ocrx_word' id='word_1_121' title='bbox 465 1843 579 1885; x_wconf 89' lang='lat' dir='ltr'><strong>Fons</strong></span> <span class='ocrx_word' id='word_1_122' title='bbox 599 1842 876 1886; x_wconf 81' lang='lat' dir='ltr'><strong>maximarum</strong></span> <span class='ocrx_word' id='word_1_123' title='bbox 895 1843 1081 1886; x_wconf 84' lang='lat' dir='ltr'><strong>cladium</strong></span> <span class='ocrx_word' id='word_1_124' title='bbox 1101 1842 1359 1886; x_wconf 78' lang='lat' dir='ltr'><strong>mortalibus.</strong></span> 
     </span>
     <span class='ocr_line' id='line_1_23' title="bbox 598 1910 1280 1973; baseline 0 -15"><span class='ocrx_word' id='word_1_125' title='bbox 598 1910 601 1915; x_wconf 68' lang='grc'><strong>’</strong></span> <span class='ocrx_word' id='word_1_126' title='bbox 979 1929 1049 1973; x_wconf 82' lang='grc'><strong>39.</strong></span> <span class='ocrx_word' id='word_1_127' title='bbox 1073 1918 1280 1960; x_wconf 74' lang='lat' dir='ltr'><strong>Incertus.</strong></span> 
     </span>
     <span class='ocr_line' id='line_1_24' title="bbox 523 1990 1304 2033; baseline 0.001 -1"><span class='ocrx_word' id='word_1_128' title='bbox 523 1990 811 2033; x_wconf 90' lang='lat' dir='ltr'><strong>Periculorum</strong></span> <span class='ocrx_word' id='word_1_129' title='bbox 833 1990 975 2033; x_wconf 89' lang='lat' dir='ltr'><strong>messis</strong></span> <span class='ocrx_word' id='word_1_130' title='bbox 994 1990 1212 2033; x_wconf 72' lang='lat' dir='ltr'><strong>iracundia</strong></span> <span class='ocrx_word' id='word_1_131' title='bbox 1230 1999 1304 2033; x_wconf 85' lang='lat' dir='ltr'><strong>est.</strong></span> 
     </span>
     <span class='ocr_line' id='line_1_25' title="bbox 981 2066 1285 2118; baseline -0.007 -10"><span class='ocrx_word' id='word_1_132' title='bbox 981 2077 1052 2118; x_wconf 87' lang='lat'><strong>40.</strong></span> <span class='ocrx_word' id='word_1_133' title='bbox 1075 2066 1285 2114; x_wconf 58' lang='lat' dir='ltr'><strong>Incertus,</strong></span> 
     </span>
     <span class='ocr_line' id='line_1_26' title="bbox 522 2137 1431 2195; baseline 0.001 -16"><span class='ocrx_word' id='word_1_134' title='bbox 522 2145 540 2166; x_wconf 74' lang='lat'><strong>⁰</strong></span> <span class='ocrx_word' id='word_1_135' title='bbox 553 2137 760 2180; x_wconf 90' lang='lat' dir='ltr'><strong>Miserum</strong></span> <span class='ocrx_word' id='word_1_136' title='bbox 780 2137 1034 2195; x_wconf 86' lang='lat' dir='ltr'><strong>alloquendo</strong></span> <span class='ocrx_word' id='word_1_137' title='bbox 1053 2138 1088 2180; x_wconf 90' lang='lat' dir='ltr'><strong>si</strong></span> <span class='ocrx_word' id='word_1_138' title='bbox 1108 2138 1194 2180; x_wconf 89' lang='lat' dir='ltr'><strong>suis</strong></span> <span class='ocrx_word' id='word_1_139' title='bbox 1214 2146 1431 2195; x_wconf 81' lang='lat' dir='ltr'><strong>exasperat</strong></span> 
     </span>
     <span class='ocr_line' id='line_1_27' title="bbox 466 2211 1339 2269; baseline 0 -16"><span class='ocrx_word' id='word_1_140' title='bbox 466 2213 657 2268; x_wconf 83' lang='lat' dir='ltr'><strong>Cognata</strong></span> <span class='ocrx_word' id='word_1_141' title='bbox 676 2211 798 2253; x_wconf 87' lang='lat' dir='ltr'><strong>dictis</strong></span> <span class='ocrx_word' id='word_1_142' title='bbox 818 2211 957 2263; x_wconf 88' lang='lat' dir='ltr'><strong>turba,</strong></span> <span class='ocrx_word' id='word_1_143' title='bbox 972 2211 1076 2254; x_wconf 82' lang='lat' dir='ltr'><strong>facit</strong></span> <span class='ocrx_word' id='word_1_144' title='bbox 1094 2211 1339 2269; x_wconf 87' lang='lat' dir='ltr'><strong>improvide.</strong></span> 
     </span>
     <span class='ocr_line' id='line_1_28' title="bbox 889 2285 1368 2338; baseline 0.002 -13"><span class='ocrx_word' id='word_1_145' title='bbox 889 2297 959 2338; x_wconf 85' lang='lat'><strong>41.</strong></span> <span class='ocrx_word' id='word_1_146' title='bbox 982 2285 1199 2328; x_wconf 70' lang='lat' dir='ltr'><strong>Homerus</strong></span> <span class='ocrx_word' id='word_1_147' title='bbox 1218 2285 1368 2327; x_wconf 70' lang='lat' dir='ltr'><strong>Iliade.</strong></span> 
     </span>
     <span class='ocr_line' id='line_1_29' title="bbox 521 2356 1728 2415; baseline 0.002 -17"><span class='ocrx_word' id='word_1_148' title='bbox 521 2356 680 2409; x_wconf 90' lang='lat' dir='ltr'><strong>Pelide‚</strong></span> <span class='ocrx_word' id='word_1_149' title='bbox 702 2372 800 2415; x_wconf 84' lang='lat' dir='ltr'><strong>rege</strong></span> <span class='ocrx_word' id='word_1_150' title='bbox 819 2372 1021 2415; x_wconf 81' lang='lat' dir='ltr'><strong>magnum</strong></span> <span class='ocrx_word' id='word_1_151' title='bbox 1039 2357 1241 2409; x_wconf 86' lang='lat' dir='ltr'><strong>animum,</strong></span> <span class='ocrx_word' id='word_1_152' title='bbox 1262 2357 1523 2400; x_wconf 78' lang='lat' dir='ltr'><strong>miserescere</strong></span> <span class='ocrx_word' id='word_1_153' title='bbox 1540 2372 1624 2400; x_wconf 80' lang='lat' dir='ltr'><strong>non</strong></span> <span class='ocrx_word' id='word_1_154' title='bbox 1643 2365 1689 2400; x_wconf 77' lang='lat' dir='ltr'><strong>te</strong></span> <span class='ocrx_word' id='word_1_155' title='bbox 1726 2384 1728 2386; x_wconf 90' lang='lat'><em>-</em></span> 
     </span>
     <span class='ocr_line' id='line_1_30' title="bbox 462 2429 1565 2488; baseline 0.001 -17"><span class='ocrx_word' id='word_1_156' title='bbox 462 2430 613 2473; x_wconf 81' lang='lat' dir='ltr'><strong>Nescia</strong></span> <span class='ocrx_word' id='word_1_157' title='bbox 631 2429 759 2473; x_wconf 85' lang='lat' dir='ltr'><strong>corda</strong></span> <span class='ocrx_word' id='word_1_158' title='bbox 776 2429 936 2473; x_wconf 87' lang='lat' dir='ltr'><strong>decent.</strong></span> <span class='ocrx_word' id='word_1_159' title='bbox 991 2429 1143 2487; x_wconf 88' lang='lat' dir='ltr'><strong>Superi</strong></span> <span class='ocrx_word' id='word_1_160' title='bbox 1162 2429 1392 2473; x_wconf 84' lang='lat' dir='ltr'><strong>flectuntur</strong></span> <span class='ocrx_word' id='word_1_161' title='bbox 1412 2438 1455 2473; x_wconf 88' lang='lat' dir='ltr'><strong>et</strong></span> <span class='ocrx_word' id='word_1_162' title='bbox 1473 2430 1565 2488; x_wconf 86' lang='lat' dir='ltr'><strong>ipsi.</strong></span> 
     </span>
     <span class='ocr_line' id='line_1_31' title="bbox 995 2506 1267 2558; baseline -0.004 -10"><span class='ocrx_word' id='word_1_163' title='bbox 995 2516 1068 2558; x_wconf 80' lang='lat'><strong>42.</strong></span> <span class='ocrx_word' id='word_1_164' title='bbox 1089 2506 1267 2548; x_wconf 73' lang='lat' dir='ltr'><strong>Ibidem.</strong></span> 
     </span>
     <span class='ocr_line' id='line_1_32' title="bbox 523 2576 1539 2636; baseline 0.001 -16"><span class='ocrx_word' id='word_1_165' title='bbox 523 2576 643 2620; x_wconf 90' lang='lat' dir='ltr'><strong>Sicne</strong></span> <span class='ocrx_word' id='word_1_166' title='bbox 655 2577 782 2635; x_wconf 83' lang='lat' dir='ltr'><strong>jubes</strong></span> <span class='ocrx_word' id='word_1_167' title='bbox 801 2577 896 2620; x_wconf 80' lang='lat' dir='ltr'><strong>salsi</strong></span> <span class='ocrx_word' id='word_1_168' title='bbox 915 2586 1064 2630; x_wconf 84' lang='lat' dir='ltr'><strong>rector,</strong></span> <span class='ocrx_word' id='word_1_169' title='bbox 1086 2579 1300 2636; x_wconf 87' lang='lat' dir='ltr'><strong>Neptune,</strong></span> <span class='ocrx_word' id='word_1_170' title='bbox 1321 2577 1539 2636; x_wconf 80' lang='lat' dir='ltr'><strong>profundi,</strong></span> 
     </span>
     <span class='ocr_line' id='line_1_33' title="bbox 465 2653 1627 2712; baseline 0 -17"><span class='ocrx_word' id='word_1_171' title='bbox 465 2654 573 2696; x_wconf 87' lang='lat' dir='ltr'><strong>Haec</strong></span> <span class='ocrx_word' id='word_1_172' title='bbox 591 2669 658 2696; x_wconf 89' lang='lat' dir='ltr'><strong>me</strong></span> <span class='ocrx_word' id='word_1_173' title='bbox 678 2653 807 2696; x_wconf 82' lang='lat' dir='ltr'><strong>verba</strong></span> <span class='ocrx_word' id='word_1_174' title='bbox 825 2655 855 2696; x_wconf 92' lang='lat' dir='ltr'><strong>J</strong></span> <span class='ocrx_word' id='word_1_175' title='bbox 857 2653 927 2696; x_wconf 88' lang='lat' dir='ltr'><strong>ovi</strong></span> <span class='ocrx_word' id='word_1_176' title='bbox 947 2664 1034 2696; x_wconf 78' lang='lat' dir='ltr'><strong>tam</strong></span> <span class='ocrx_word' id='word_1_177' title='bbox 1053 2653 1163 2696; x_wconf 78' lang='lat' dir='ltr'><strong>dura</strong></span> <span class='ocrx_word' id='word_1_178' title='bbox 1181 2662 1309 2711; x_wconf 76' lang='lat' dir='ltr'><strong>atque</strong></span> <span class='ocrx_word' id='word_1_179' title='bbox 1329 2668 1476 2712; x_wconf 79' lang='lat' dir='ltr'><strong>aspera</strong></span> <span class='ocrx_word' id='word_1_180' title='bbox 1493 2653 1627 2697; x_wconf 82' lang='lat' dir='ltr'><strong>ferre?</strong></span> 
     </span>
     <span class='ocr_line' id='line_1_34' title="bbox 462 2725 1535 2783; baseline 0.003 -16"><span class='ocrx_word' id='word_1_181' title='bbox 462 2725 529 2766; x_wconf 93' lang='lat' dir='ltr'><strong>An</strong></span> <span class='ocrx_word' id='word_1_182' title='bbox 550 2726 690 2783; x_wconf 88' lang='lat' dir='ltr'><strong>potius</strong></span> <span class='ocrx_word' id='word_1_183' title='bbox 705 2726 900 2769; x_wconf 73' lang='lat' dir='ltr'><strong>flectere?</strong></span> <span class='ocrx_word' id='word_1_184' title='bbox 930 2727 1050 2770; x_wconf 86' lang='lat' dir='ltr'><strong>bonis</strong></span> <span class='ocrx_word' id='word_1_185' title='bbox 1069 2742 1186 2770; x_wconf 90' lang='lat' dir='ltr'><strong>mens</strong></span> <span class='ocrx_word' id='word_1_186' title='bbox 1205 2727 1340 2770; x_wconf 85' lang='lat' dir='ltr'><strong>ferrea</strong></span> <span class='ocrx_word' id='word_1_187' title='bbox 1358 2743 1442 2770; x_wconf 89' lang='lat' dir='ltr'><strong>non</strong></span> <span class='ocrx_word' id='word_1_188' title='bbox 1462 2737 1535 2772; x_wconf 85' lang='lat' dir='ltr'><strong>est.</strong></span> 
     </span>
    </p>
   </div>
   <div class='ocr_carea' id='block_1_5' title="bbox 925 2815 1344 2852">
    <p class='ocr_par' dir='ltr' id='par_1_5' title="bbox 925 2815 1344 2852">
     <span class='ocr_line' id='line_1_35' title="bbox 925 2815 1344 2852; baseline 0 -4"><span class='ocrx_word' id='word_1_189' title='bbox 925 2823 937 2838; x_wconf 69' lang='lat' dir='ltr'><strong>t</strong></span> <span class='ocrx_word' id='word_1_190' title='bbox 953 2815 1053 2848; x_wconf 80' lang='lat' dir='ltr'><strong>Refer</strong></span> <span class='ocrx_word' id='word_1_191' title='bbox 1068 2816 1110 2852; x_wconf 84' lang='lat' dir='ltr'><strong>ad</strong></span> <span class='ocrx_word' id='word_1_192' title='bbox 1124 2815 1192 2848; x_wconf 82' lang='lat' dir='ltr'><strong>Tit.</strong></span> <span class='ocrx_word' id='word_1_193' title='bbox 1209 2816 1344 2848; x_wconf 84' lang='lat' dir='ltr'><strong>CXXV.</strong></span> 
     </span>
    </p>
   </div>
  </div>
 </body>
</html>
