1780 3178
350 219 432 277 138
541 199 544 203 ’
754 220 1013 266 loANNxs
1044 220 1278 265 s'rofflm

880 339 922 380 4.
943 327 1146 385 Simylus.

403 399 446 440 N
448 413 495 441 ec
513 405 602 440 arte
621 397 821 441 destituta
838 399 974 442 virtus
991 399 1133 457 ingeni

346 471 416 515 Ad
437 471 575 514 studia
593 471 754 529 quaevis
772 471 859 515 sola
878 472 956 516 sibi
976 471 1198 525 suffecerit,

344 546 388 588 N
390 561 435 588 ec
454 560 600 587 rursus
618 559 685 587 ars
704 545 738 587 si
757 539 871 590 desit'
881 545 1099 604 ingenium
1118 556 1182 590 sat
1201 554 1285 594 est:

348 618 432 661 Sed
451 617 516 660 his
535 617 704 660 duobus
723 617 847 663 dulce
866 618 1200 677 conspirantibus
1246 648 1247 651 η

343 691 447 734 Alia
465 691 694 749 exiguntur
710 691 896 750 insuper,
917 702 1126 750 sumptus,
1146 707 1278 744 amor,

344 766 476 818 Usus,
496 765 727 824 benignum
747 774 915 825 tempus
933 776 1061 825 atque
1079 766 1255 818 occasio,

343 840 376 882 J
378 839 576 897 udexque
595 839 707 883 dicta
725 840 800 898 qui
818 840 925 884 bene
944 840 1119 899 accipiat
1137 841 1255 883 bene.

344 914 457 956 Nam
477 913 510 955 si
531 913 637 971 quid
656 913 809 956 horum
829 914 939 956 dura
956 928 1044 956 sors
1061 912 1274 964 inviderit,

344 987 444 1028 Non
463 995 737 1043 assequentur
756 985 898 1028 studia
915 985 1003 1031 voti
1023 985 1262 1028 terminum.

345 1060 478 1112 Ordo,
498 1059 706 1112 voluntas,
726 1059 901 1112 indoles,
921 1058 1130 1102 industria

345 1135 552 1177 Reddunt
570 1135 702 1178 bonos
721 1134 972 1192 doctosque:
1004 1134 1132 1192 longa
1150 1141 1293 1177 autem
1313 1133 1401 1176 dies

309 1214 313 1217 ’
345 1208 507 1253 Praeter
524 1217 731 1251 senectam
751 1207 862 1252 ferre
879 1207 940 1252 nil
957 1208 1118 1253 homini
1137 1216 1287 1266 potest.

739 1291 781 1338 5.
804 1283 1047 1326 Menander
1070 1283 1283 1326 Tibicina.

402 1353 518 1406 Dies,
540 1354 653 1399 avita
672 1370 783 1414 saepe
800 1371 899 1414 quae
919 1357 1103 1409 fuerant,
1123 1357 1235 1399 bona

345 1427 500 1470 Aliena
518 1428 631 1480 fecit,
651 1429 815 1487 corpori
834 1445 1023 1488 parcens·
1073 1431 1235 1474 Tamen
1273 1469 1285 1474 -

345 1500 548 1543 Praesidia
570 1500 665 1545 vitae
685 1501 817 1547 solida
835 1502 879 1545 in
898 1515 987 1548 arte
1008 1512 1106 1549 sunt
1126 1503 1218 1548 sita.

774 1723 1077 1772 TITULUS
1111 1723 1251 1772 LXI.

600 1839 674 1877 DE
702 1838 937 1894 ARTIBUS
965 1839 1027 1876 IN
1056 1838 1435 1879 CONTRARmM.

744 1950 779 1977 1.
801 1936 1042 1979 Menander
1062 1936 1290 1979 Pisa-abore.

406 2011 491 2063 Qui
509 2010 670 2068 primus
689 2010 845 2068 reperit
863 2018 995 2053 artem
1015 2009 1198 2054 altricem
1220 2011 1431 2068 pauperis,

348 2084 514 2127 Multos
532 2084 667 2126 effecit
685 2083 871 2126 miseros.
923 2082 1161 2140 Simplicius
1179 2083 1277 2136 fuit,
1437 2076 1439 2078 ’

348 2159 480 2201 Hunc
500 2157 567 2200 cui
588 2157 764 2199 difficilis
782 2157 870 2199 vita
888 2165 951 2199 est
968 2165 1134 2199 mature
1152 2158 1273 2200 mori.

748 2244 786 2276 2.
808 2231 1073 2288 Antiphaaaes
1094 2231 1283 2274 Fullone.

404 2304 604 2362 Quisquis
623 2305 764 2348 Deum
783 2303 884 2347 artis
902 2303 1063 2362 primus
1082 2313 1334 2348 monstrator
1351 2305 1449 2356 fuit,

348 2381 394 2422 Is
413 2378 595 2421 maximo
614 2378 811 2421 mactavit
829 2376 1023 2420 mortales
1040 2378 1161 2420 malo.

347 2453 461 2495 Nam
482 2452 514 2493 si
535 2451 630 2508 quis
649 2451 749 2493 artis
768 2466 917 2509 expers
935 2451 979 2493 in
999 2451 1182 2509 inopiam
1201 2452 1360 2503 incidit,

350 2527 489 2570 Semet
508 2525 672 2584 periclis
691 2525 903 2583 objiciens,
922 2540 1008 2568 uno
1027 2525 1096 2567 die

347 2602 443 2643 Aut
461 2615 549 2643 rem
569 2599 779 2657 decusque
798 2599 1047 2657 assequitur,
1068 2608 1143 2641 aut
1162 2606 1339 2641 mortem
1357 2598 1525 2642 invenit.

348 2675 413 2716 At
432 2689 507 2716 nos
525 2674 680 2731 quibus
699 2689 766 2716 ars
785 2681 847 2716 est
866 2673 966 2715 data
984 2687 1062 2730 pro
1082 2672 1179 2715 vitae
1198 2672 1388 2731 pignore,

349 2749 561 2805 Perpetua
580 2763 651 2805 spe
671 2748 861 2790 fovemus
879 2745 1152 2803 esuriginem:
