1780 3178
441 244 904 288 FLORILEGIUM.
934 245 1037 288 Tu.
1059 257 1126 301 72.

134 352 242 395 Haec
262 351 348 394 sola
368 351 443 393 dos
462 360 523 394 est
543 367 641 408 quae
661 360 831 409 penates
850 353 1033 411 sospitat.

133 426 245 467 Nam
264 420 339 482 qui
359 440 514 467 severae
532 426 755 483 conjugem
775 426 872 469 vitoe
892 426 1008 485 legit,

133 497 294 558 Sociam
315 497 467 540 laboris
486 497 568 550 ille,
589 512 673 540 non
693 498 904 542 dominam
923 500 1087 558 accipit,

133 571 298 624 Fiam,
317 572 575 624 benevolam,
595 561 762 629 pectore
780 573 1042 617 immutabili.

480 646 519 687 6.
539 646 776 704 Euripides
795 648 1122 706 Bellerophonte.

190 716 356 759 Multos
375 717 576 774 superbos
589 717 762 776 opibus,
781 727 880 761 ortu
898 718 1071 770 nobiles,

133 789 349 832 Dedecore
367 805 510 833 vecors
527 790 701 834 foemina
719 791 857 834 affecit
875 792 1006 835 domi.

639 874 678 919 7.
700 864 957 907 Menander.
985 880 1003 899 ·-
1027 881 1029 884 ·

190 939 297 989 Quae
316 937 427 980 bona
444 952 542 979 cum
561 952 693 980 uxore
712 938 887 980 veniunt
906 949 1020 980 trans
1039 938 1165 981 limen
1185 938 1348 992 domus,

134 1012 304 1054 Horum
325 1027 401 1054 nec
421 1020 515 1054 tuta
533 1027 609 1054 nec
629 1012 767 1054 suavis
786 1012 988 1069 possessio
1007 1021 1080 1055 est.

510 1131 512 1133 ,
539 1084 578 1133 8.
590 1086 836 1143 -Empidee
855 1076 1054 1143 Antiopa.

192 1156 236 1198 Si
254 1157 361 1199 bene
380 1157 562 1200 animata
580 1166 656 1216 est,
677 1158 900 1215 perplacet.
954 1158 1042 1210 Sin,
1063 1174 1150 1216 quo
1169 1158 1271 1199 mihi

134 1229 335 1272 Formosa
354 1228 535 1282 vultum,
555 1238 725 1288 pectore¹
741 1229 991 1273 intestabili?
1081 1246 1097 1258 ²
1134 1236 1141 1246 ³

629 1319 669 1360 9.
690 1304 966 1362 Antipkwnes.

190 1375 371 1418 Nullum
391 1391 478 1418 esse
497 1375 668 1434 gravius
686 1376 1033 1434 impedimentum
1052 1385 1204 1433 potest,

133 1448 271 1499 Quam
290 1447 441 1490 mulier
460 1448 559 1491 dote
578 1448 781 1492 sarcinata
799 1464 896 1491 cum
915 1447 1096 1495 advenit.

479 1534 545 1564 10.
566 1522 804 1579 Euripides
821 1521 1127 1570 Andromacha.

190 1594 291 1636 Non
310 1602 352 1636 te
372 1593 737 1639 maritus-cascinis,
750 1593 842 1636 odit
856 1593 1004 1643 meis:

134 1666 219 1710 Sed
238 1666 355 1724 quod
373 1667 489 1710 deest
508 1667 586 1714 tibi
603 1667 761 1712 blanda
778 1667 1044 1725 morigeratio

133 1740 243 1783 Illex
261 1741 423 1783 amoris.
474 1741 861 1788 Formamatronas
871 1740 1035 1792 minus,

133 1813 272 1865 Quam
290 1829 390 1856 vera
407 1813 555 1865 virtm,
567 1813 711 1865 crede,
730 1812 921 1856 conciliat
935 1812 1053 1855 viris.
1095 1848 1098 1851 .

131 1886 230 1929 Tibi
249 1887 284 1929 si
302 1886 408 1944 quid
427 1901 539 1944 aegre
556 1895 634 1938 est,
651 1900 806 1944 magna
824 1886 1104 1929 Lacedaemon
1123 1894 1242 1927 sonat

134 1959 189 2000 In
207 1973 304 2001 ore:
337 1958 441 2000 nihil
460 1967 523 2001 est
544 1960 722 2016 Scyrus:
753 1958 863 2002 inter
879 1973 1087 2016 pauperes

134 2030 268 2089 Cupis
286 2030 419 2074 videri
437 2031 658 2089 opulenta:
693 2031 915 2075 Menelaus
930 2031 1007 2074 tibi
1024 2067 1026 2069 ,

95 2092 103 2101 ’
134 2106 216 2148 Est
234 2114 331 2148 ante
349 2105 582 2153 Achillem:
614 2113 787 2163 propter
804 2104 1054 2162 haecgravis
1072 2120 1117 2148 es
1135 2104 1235 2147 viro.

560 2220 563 2222 .
633 2191 697 2225 11.
719 2178 970 2224 Menwnder.

191 2250 276 2302 Qui
296 2265 470 2293 uxorem
490 2250 607 2294 ducit
624 2265 691 2294 res
709 2264 808 2307 quae
827 2250 959 2295 avitas
978 2249 1153 2292 creverit

134 2323 206 2365 Ex
225 2338 328 2375 asse,
349 2332 425 2366 aut
437 2338 583 2381 poenas
601 2323 748 2382 pendit
766 2323 882 2366 iratis
901 2322 1020 2375 Deis,

135 2396 231 2438 Aut
249 2395 373 2438 miser
391 2403 616 2454 esse'optat
632 2396 715 2442 ,sub
733 2395 846 2439 beati
864 2395 1042 2441 nomine.

515 2483 579 2514 12.
599 2470 838 2528 Euripides
856 2470 1092 2528 Meleagro.

196 2541 241 2583 Si
262 2542 440 2599 sequiori
453 2543 818 2601 junxefis-foroem
837 2551 950 2603 toro,¹

138 2615 315 2672 Sperare
334 2628 418 2656 non
436 2614 490 2657 sit
508 2614 691 2662 inclitam
711 2614 995 2672 propaginem.

139 2687 260 2749 Bono
280 2701 331 2729 ex
353 2695 534 2744 utroque
552 2688 706 2736 semine
720 2696 769 2735 'et
785 2687 924 2746 proles
941 2687 1052 2731 bona
1070 2694 1142 2728 est.
