1838 3276
438 282 1037 330 FLORILEGIUM.T1·1.
1057 292 1097 338 7.

102 405 219 447 Tum
240 417 339 445 vero
357 402 401 444 in
420 400 750 444 manifestarium
769 397 898 441 incidi
916 396 1097 439 malum:

0 466 20 481 ι
100 478 213 520 Nam
231 474 336 518 nihil
354 483 444 517 erat
461 472 579 532 quod
597 472 732 524 daret,
751 480 794 514 et
813 470 847 514 si
866 469 974 527 quid
990 459 1218 528 poscerem,

0 552 6 578 '-
103 549 289 593 Pecunia
309 562 393 590 non
416 555 478 589 est
495 546 670 597 bonum,
691 543 773 586 ait:
804 541 923 600 quod
941 541 976 584 si
994 540 1189 591 dicerem,

103 624 222 680 Ergo
241 620 398 664 malum
417 618 525 661 illud
542 617 713 676 projice,
733 615 910 660 audibat
927 614 1045 659 nihil.

539 774 843 827 TITULUS
876 773 993 824 VH.

521 888 596 927 m:
622 885 1017 926 FORTITUDINE.

167 1213 263 1263 Est,
284 1219 334 1252 ut
351 1218 485 1251 morte
504 1205 656 1264 aliquis
675 1219 752 1247 sua

109 1284 320 1328 Virtutem
340 1283 486 1325 doceat
505 1280 668 1324 cadens.

551 1369 593 1413 3.
615 1353 836 1412 Scsphocles
855 1351 996 1409 Ajace.

169 1435 328 1492 Optare
345 1431 444 1474 vitae
463 1428 598 1487 spatia
613 1427 816 1484 longaevae
835 1424 928 1467 viro

111 1507 327 1558 Deforme,
347 1503 513 1547 nullum
530 1501 600 1545 cui
617 1500 899 1544 levamentum
918 1505 981 1540 est
999 1496 1129 1538 malis.

113 1583 225 1624 Nam
243 1578 349 1638 quid
367 1576 451 1620 diei
468 1590 616 1619 rursus
632 1583 676 1616 et
693 1587 840 1616 rursus
858 1570 947 1614 dies

113 1655 298 1712 Adjeeta
313 1651 498 1711 prodest,
519 1647 724 1706 amplians
741 1660 905 1703 semper
922 1644 1055 1688 mori?

114 1730 193 1771 Me
206 1726 351 1786 judice
368 1725 439 1768 ille
457 1722 616 1766 nullius
633 1719 757 1780 pretii
775 1728 840 1763 est
856 1718 998 1770 homo,

115 1802 199 1845 Cui
218 1815 312 1860 spes
329 1797 463 1842 inanis
481 1794 695 1840 credulam
713 1800 896 1836 mentem
914 1791 1044 1834 fovet.

115 1874 343 1918 Pulchram
361 1886 484 1930 agere
501 1869 634 1912 vitam
650 1866 848 1919 nobilem,
867 1874 944 1909 aut
961 1864 1138 1924 pulchre
1154 1863 1274 1907 decet

115 1948 245 1992 Obire
260 1964 273 1991 ε
302 1946 432 1989 habes
450 1943 735 2002 quodcunque
752 1940 980 1984 dicendum
996 1939 1091 1983 fuit.

623 2028 665 2069 4
687 2014 940 2058 Maeander.

173 2097 196 2127 b
208 2097 391 2139 Rectum
408 2093 613 2153 piumque
631 2090 666 2134 si
683 2089 790 2148 quid
808 2086 1118 2146 ooeoeptaveris,

118 2172 234 2214 Bene
252 2168 450 2220 ominare,
471 2180 672 2225 spemque
689 2163 854 2207 firmam
871 2162 981 2205 hanc
999 2159 1183 2218 concipe,

118 2244 281 2288 Adesse
294 2243 412 2301 justa
428 2238 695 2283 molientibus
714 2237 870 2280 Deum.

516 2324 558 2371 5.
579 2311 818 2370 Euripides
835 2309 1050 2353 Archelao.

178 2394 281 2436 Una
297 2406 365 2434 res
381 2398 444 2433 est
463 2402 592 2447 quam
609 2383 803 2436 monebo,
824 2381 1066 2426 servitutem
1085 2395 1139 2423 ne
1157 2379 1234 2423 tibi

120 2466 254 2510 Vivus
271 2478 468 2514 accersas,
486 2460 623 2520 perire
641 2459 748 2503 dum
764 2455 906 2500 licebit
923 2455 1066 2498 libero.

604 2535 643 2576 6.
666 2532 786 2575 Idem
805 2531 973 2573 Danae.

180 2611 256 2655 Ah
274 2625 403 2669 quam
420 2610 628 2652 bonorum
647 2604 894 2663 sanguinem
911 2606 1074 2660 semper
1091 2600 1241 2644 decent

126 2687 336 2744 Impressa
353 2683 450 2727 celsi
469 2681 641 2741 spiritus
658 2677 845 2736 vestigia.

631 2834 901 2870 *Reoerad‘rin
919 2835 947 2867 1.

1380 294 1434 337 29
