1780 3178
491 281 957 326 FLORILEGIUM.
989 282 1095 324 Trr.
1116 294 1185 338 99.
1419 291 1499 334 247

172 398 285 439 Cum
304 411 398 456 spes
416 395 600 439 miserias
618 395 736 438 nulla
754 403 959 438 sustentet
976 400 1115 437 meas?

656 480 724 512 21.
745 468 865 510 Idem
883 468 1024 526 Ajace.

159 569 161 572 .
230 542 384 585 Clades
401 549 566 585 tantum
586 551 773 599 spectare
792 556 905 593 suas,
937 597 941 599 -

172 617 263 658 Nec
281 614 526 673 participem
547 613 708 657 novisse
726 612 841 665 mali,

171 688 268 731 Ciet
285 687 507 730 immensos
524 686 650 730 eorde
667 686 844 729 dolores.

679 770 747 803 22.
767 759 1002 801 Philemon.

227 832 415 875 Tristitia
432 832 599 891 egregie
616 831 791 890 effingit,
811 832 900 874 sine
918 833 1105 884 tectorio,

171 906 318 965 Duplo
336 907 496 964 majora
511 922 642 964 quam
659 921 805 964 reapse
824 915 925 949 sunt
943 906 1065 948 mala.

550 993 617 1036 23.
638 980 862 1022 Pindarus
883 979 1126 1037 Ompicis.

228 1054 384 1096 Emota
401 1053 524 1096 certis
541 1061 692 1096 moesta
709 1067 827 1095 mens
842 1068 868 1095 e
887 1051 1057 1095 sedibus

459 1128 581 1185 Saepe
598 1135 642 1169 et
661 1141 828 1183 sagaces
845 1125 1013 1183 decipit.

453 1213 520 1253 24.
541 1200 722 1257 Amphis
740 1200 951 1242 Fratmm
969 1199 1223 1241 meantibus.

226 1274 366 1324 Quam
384 1287 450 1315 res
468 1287 633 1316 morom
648 1281 726 1324 est,
747 1287 910 1314 summe
929 1271 1090 1315 Divum
1108 1272 1140 1313 J
1142 1270 1325 1328 uppster,

172 1346 317 1388 Homo
335 1345 483 1388 tristis!
516 1355 566 1388 ut
582 1354 735 1388 cuncta
751 1345 798 1387 in
815 1344 970 1387 malam
987 1353 1151 1402 partem
1169 1343 1336 1401 accipit!

691 1430 761 1474 25.
782 1419 990 1460 Incertus.

229 1490 298 1534 Ibi
316 1489 496 1533 hominis
513 1489 678 1532 animus
695 1498 773 1542 est,
793 1489 870 1531 ubi
886 1487 1046 1531 cruciat
1064 1487 1196 1531 dolor.

577 1562 645 1606 26.
664 1561 943 1620 Apollodorus
962 1561 1101 1603 Lacte.

227 1637 511 1693 Quoscunque
530 1649 685 1677 moeror
702 1643 779 1677 aut
796 1649 900 1677 cura
917 1634 1047 1677 habet
1066 1632 1282 1685 exercitos,

170 1710 244 1753 Eis
261 1709 394 1753 videri
412 1710 538 1767 longa
557 1724 642 1752 nox
661 1708 823 1767 quaevis
841 1707 957 1750 solet.

685 1792 758 1837 27.
776 1782 1054 1840 Antiphanes.

220 1859 404 1902 -Insaniae
423 1858 630 1902 tristitiam
647 1857 827 1900 vicinam
849 1855 1040 1898 arbitror.

711 1930 780 1974 28.
800 1929 962 1971 Alexis.

513 2006 760 2049 Tei-minum
779 2004 814 2047 si
828 2003 1048 2047 excesserit

172 2079 475 2123 Mediocritatis
494 2079 648 2131 luctus,
668 2086 851 2122 mentem
870 2076 1067 2119 eliminat.
1157 2099 1167 2109 ·

656 2163 724 2207 99.
745 2150 1016 2211 Ροειῖἀὶχῃκωζ

228 2225 461 2269 Versieolor
479 2225 586 2268 adeo
605 2234 647 2268 et
666 2224 863 2281 multipes
882 2237 1037 2265 moeror
1056 2221 1214 2264 malum
1234 2228 1307 2262 est.

727 2309 798 2353 30.
818 2296 950 2338 Idem.

228 2372 409 2415 Difficile
427 2381 490 2414 est
509 2372 672 2414 luctum
689 2371 852 2428 fugere.
901 2370 1012 2411 Nam
1031 2376 1138 2425 quot
1157 2374 1255 2409 sunt
1273 2365 1362 2408 dies

173 2444 396 2488 Materiam
415 2444 586 2502 pariunt
605 2458 767 2500 semper
783 2442 840 2485 ad
858 2442 1019 2484 luctum
1040 2454 1203 2482 novam.

561 2530 631 2574 31.
652 2517 917 2574 Antiphanes
936 2515 1116 2557 Medico.

230 2590 443 2648 Quicquid
461 2590 690 2632 luctificum
709 2597 774 2632 est
790 2587 964 2639 homini,
984 2586 1031 2629 id
1049 2601 1172 2629 omne
1191 2585 1363 2628 morbus
1381 2592 1457 2634 est,

173 2665 435 2720 Quacunque
453 2677 554 2706 voce
573 2661 739 2704 dixeris.

487 2747 556 2791 32.
580 2736 699 2777 Idem
713 2724 881 2776 Fama
898 2733 1192 2790 navigatione.

231 2809 418 2852 Tristitia
436 2809 676 2852 hominibus
694 2809 864 2864 vitaque
884 2804 1165 2849 aerumnabilis

920 2894 948 2920 R
967 2891 997 2931 4
