1780 3178
399 257 864 301 FLORILEGIUM.
897 258 1005 300 Trr.
1030 269 1124 311 ¹24·
1326 270 1408 318 299

27 413 41 420 ‚
84 372 250 428 Corpus
267 369 439 428 recipiat
459 381 590 413 terra:
621 385 707 414 non
725 380 789 414 est
806 371 1024 429 proprium

83 446 182 487 Hoc
199 444 357 503 quippe
375 444 509 496 nobiS,
529 443 605 487 sed
621 444 768 488 datum
787 444 833 486 in
850 444 949 487 vitae
968 444 1102 487 diem:

82 519 239 560 Parens
257 527 300 560 et
318 517 442 560 altrix
454 517 554 574 jure
571 532 671 559 mox
690 516 841 575 repetit
859 531 993 559 suum.

450 604 492 644 4.
512 590 752 648 Euripides
770 590 1049 632 Andromeda.

140 661 349 705 Exanime
368 670 479 704 terra
497 661 615 720 quod
629 661 698 719 tui·
710 661 909 719 positum,
930 660 1084 704 colunt.

83 737 172 779 Res
184 751 304 779 vana.
351 737 464 778 Nam
482 735 558 793 qui
576 734 694 786 vivit,
713 743 777 778 est
794 734 910 786 felix,
932 735 1081 777 Creon.

495 836 500 840 κ
508 821 551 864 5.
571 809 691 850 Laon
716 809 993 851 Testamenta.

139 881 420 924 Monumenta.
436 896 632 939 spernens
649 880 875 938 posthuma
892 889 1019 937 atque
1037 879 1251 937 imagineS,

85 955 256 998 Habere
274 954 401 1013 cupio
417 954 506 998 vita
522 954 639 1012 quod
657 954 768 996 dicat
788 969 924 996 suum.

498 1029 538 1069 6.
560 1027 776 1082 Homerus
798 1026 995 1083 Odyssea.

138 1102 202 1144 Et
219 1100 433 1144 tumulum
450 1100 587 1144 faeere
605 1108 649 1143 et
669 1098 833 1142 tumulo
852 1098 1129 1157 superaddere
1142 1100 1270 1157 justa.

574 1184 614 1229 7.
637 1174 751 1216 Idem
771 1173 919 1216 Iliade.

140 1249 206 1292 Ut
222 1248 353 1291 funus
370 1248 567 1292 decorent
585 1248 735 1291 fi-atres
753 1246 952 1304 charique
966 1247 1126 1290 sodales

83 1322 145 1365 Et
162 1321 329 1365 tumulo
343 1330 390 1365 *et
409 1338 521 1367 saxo.
570 1322 682 1364 Nam
701 1320 874 1379 praemia
892 1320 1096 1363 Manibus
1113 1320 1204 1363 haec
1223 1329 1332 1362 sunt.

514 1438 517 1440 .
657 1395 697 1436 8.
717 1394 848 1436 Idem.
902 1438 922 1447 μ,

143 1468 227 1512 Sed
244 1467 452 1512 tumulare
468 1467 589 1510 decet
602 1466 719 1510 fatali
738 1475 848 1510 sorte
865 1475 1072 1524 peremtos
1115 1490 1126 1499 f

85 1543 206 1587 Forti
224 1542 385 1586 animo:
418 1557 493 1584 nec
511 1541 611 1586 flere
629 1541 698 1584 die
716 1541 781 1584 fas
799 1526 979 1599 amplius
996 1556 1094 1583 uno.

465 1730 766 1816 T1T1JL1JS
799 1767 1035 1841 exxlv.

534 1882 966 1922 CONSOLATORIA.

518 2003 565 2032 -1.
586 1991 802 2033 Homerus
821 1991 973 2032 Iliade.

0 2106 1 2123 ἓ
144 2066 290 2116 Parce,
310 2078 387 2106 nec
404 2062 626 2106 immodico
645 2072 762 2105 vasta
779 2072 855 2105 tua
872 2072 1040 2120 pectora
1058 2055 1199 2106 luctu:

88 2139 200 2181 Nam
219 2137 282 2181 nil
300 2137 490 2196 proficies
507 2132 595 2179 nati
613 2137 702 2179 fera
720 2137 808 2180 fata.
826 2137 1030 2180 dolendo:

87 2210 219 2253 Illum
237 2225 323 2253 non
341 2225 509 2252 revocas
528 2219 571 2251 et
590 2219 631 2251 te
649 2209 803 2267 premit
821 2209 951 2252 altera
969 2210 1123 2252 clades.

657 2296 695 2325 2.
718 2284 847 2325 Idem.

146 2356 261 2408 Quid
274 2356 411 2414 juvet,
431 2355 662 2398 exanimem
681 2371 814 2398 vacua
833 2356 867 2398 si
885 2356 1028 2413 lugeat
1047 2356 1142 2398 alvo

91 2430 208 2472 Gens
225 2429 447 2471 Danaam?

563 2534 567 2539 .
659 2513 701 2555 3.
718 2500 854 2541 Idem..

149 2571 262 2623 Quin
279 2571 477 2629 propiora
493 2570 703 2613 hominem
722 2585 807 2612 non
825 2585 920 2612 raro
938 2570 1087 2614 funera
1106 2579 1300 2628 tangunt,

14 2638 22 2646 ’
94 2646 178 2687 Seu
194 2644 367 2688 'fratrem
386 2644 545 2702 sepelit,
565 2659 638 2687 seu
657 2644 796 2686 dulcia
812 2645 990 2702 pignora
1006 2655 1138 2706 natos.

92 2718 153 2760 Et
171 2726 310 2760 tamen
328 2717 398 2760 ille
417 2718 540 2760 etiam
559 2717 781 2776 lachrymis
798 2727 1030 2775 moestoque
1046 2718 1190 2760 dolore

93 2790 325 2834 Abstinuit.
375 2790 544 2834 Patiens
561 2790 720 2833 homini
738 2806 809 2833 cor
829 2792 937 2833 Fata
955 2790 1175 2833 dederunt.
