1780 3178
365 235 450 291 296
772 232 1035 276 IOANNIS
1067 231 1305 275 s'POBAEI

929 359 995 402 17.
1018 347 1148 389 Idem.

424 421 654 463 Laboriosa
673 429 796 462 aetate
815 435 928 462 mors
946 419 1117 462 felicior.

367 496 409 536 N
412 509 466 536 on
487 508 574 535 esse
594 493 742 535 melius
761 491 920 550 quippe
939 506 1068 549 quam
1087 493 1199 535 nasci
1219 500 1339 550 puto,

370 567 414 609 Si
434 582 544 609 saeva
561 574 659 608 sunt
674 565 900 608 toleranda.

724 640 727 644 ”
837 638 902 680 18.
924 639 1239 696 Aristophane-5.

426 706 557 755 Unde
577 710 729 754 etenim
750 726 894 768 quaeso
913 711 1123 753 diceretur
1142 710 1346 768 Dispiter,

369 786 462 829 Nisi
482 785 649 844 opimus
667 784 821 844 opibus
839 788 970 827 esset?
1000 784 1097 827 hinc
1115 784 1240 827 etiam
1259 784 1400 842 accipe

370 862 541 919 Quanto
559 859 692 901 infera
712 868 909 916 superent
928 859 1068 916 superi
1087 858 1254 901 divitias
1271 860 1302 901 J
1303 858 1414 901 ovis:

370 934 482 975 Nam
503 932 536 974 si
555 931 750 975 instituas
767 946 957 984 examen,
978 931 1095 989 quod
1114 931 1288 989 plenum
1307 942 1370 975 est
1387 931 1506 974 librae
1563 949 1567 951 ’

370 1006 518 1064 Vergit
538 1006 748 1057 deorsum,
770 1020 903 1048 vacua
921 1020 1020 1062 pars
1037 1014 1196 1063 spectat
1213 1006 1379 1048 Jovem.

372 1082 464 1123 Nec
483 1079 682 1122 collocare
702 1079 828 1122 credo
847 1093 937 1121 mos
955 1087 1062 1121 esset
1081 1078 1181 1121 sitos

374 1155 530 1198 Subter
549 1147 675 1211 su'per
695 1160 989 1210 unguentatos,
1010 1152 1171 1195 vinctos
1188 1151 1376 1204 floribus,

372 1227 466 1270 Nisi
484 1226 715 1270 bibendum
736 1225 928 1283 protinus
947 1234 1054 1268 esset
1071 1225 1258 1268 mortuis.

375 1302 491 1344 Hinc
511 1309 573 1344 est
591 1300 758 1360 eosdem
778 1299 894 1357 quod
913 1300 1058 1343 beatos
1076 1299 1265 1343 dicimus.

375 1375 560 1426 Etenim,
583 1376 754 1425 Beatus,
774 1373 988 1431 inquiunt,
1008 1373 1113 1416 obiit
1132 1373 1258 1426 diem,

375 1448 497 1491 Felix
516 1448 586 1491 ille
604 1448 879 1491 obdormivit:
911 1448 971 1490 nil
991 1447 1106 1491 dolet
1125 1448 1317 1506 amplius.

375 1523 489 1575 Quin
507 1534 550 1565 et
568 1538 714 1566 cruore
734 1522 997 1565 victimarum
1017 1523 1222 1583 Manibus

375 1599 600 1655 Tanquam
620 1598 701 1639 Dis
719 1596 896 1640 facimus
915 1605 958 1639 et
977 1612 1093 1639 sacro
1111 1597 1308 1640 libamine

375 1674 642 1723 Venerantes,
664 1669 803 1727 multa¹
816 1669 939 1712 nobis
957 1679 1006 1712 ut
1025 1669 1194 1712 mittant
1212 1670 1338 1712 bona.

881 1758 944 1801 19.
967 1739 1219 1787 M‘emmder.

1007 1817 1123 1868 Quid
1142 1826 1336 1860 mortuus

374 1892 483 1935 Boni
502 1891 654 1933 habeat
674 1905 771 1933 cum
791 1890 977 1932 viventes
995 1890 1225 1933 habeamus
1243 1890 1373 1933 nihil?

880 1976 946 2007 20.
968 1965 1218 2022 Euripides.

435 2039 592 2079 Beatus
611 2045 717 2079 esset
737 2046 869 2079 morte
889 2052 1017 2094 quam
1038 2037 1126 2079 vita
1145 2038 1300 2095 magis:

376 2113 487 2175 Nan)
508 2126 592 2152 non
611 2111 783 2153 honeste
803 2110 942 2153 vivere
961 2110 1168 2153 infaustus
1188 2111 1318 2153 labor.

885 2195 955 2225 21.
979 2183 1211 2240 Sophocles.
1244 2226 1245 2232 ,

434 2257 685 2313 Quicunque
705 2256 834 2298 vitam
855 2256 981 2298 rebus
1000 2256 1043 2297 in
1063 2255 1222 2299 miseris
1241 2268 1368 2309 amat,

380 2332 471 2373 Aut
491 2330 662 2372 timidus
682 2330 751 2372 ille
770 2339 846 2382 est,
867 2338 943 2372 aut
961 2329 1105 2372 dolore
1123 2330 1327 2374 occalluit.

864 2415 930 2446 22.
953 2403 1068 2444 Idem
1087 2403 1232 2460 Ajace.

435 2479 592 2534 Optare
610 2476 708 2518 vitae
729 2475 862 2534 spatia
880 2475 1082 2533 longaevae
1102 2476 1193 2518 viro

376 2551 591 2601 Deforme,
612 2549 777 2591 nullum
797 2549 865 2592 cui
885 2549 1165 2592 levamentum
1184 2559 1248 2592 est
1266 2550 1396 2592 malis.

377 2627 487 2668 Nam
508 2624 612 2681 quid
633 2623 714 2665 diei
735 2639 880 2664 rursus
899 2632 942 2665 et
959 2638 1105 2665 rursus
1125 2622 1214 2665 dies

377 2697 561 2754 Adjecta
580 2697 764 2754 prodest,
785 2696 988 2754 amplians
1008 2711 1169 2754 semper
1190 2697 1321 2738 mori?

375 2772 451 2813 Me
464 2770 607 2827 judice
628 2770 695 2812 ille
717 2769 872 2812 nullius
892 2768 1013 2827 pretii
1034 2779 1095 2811 est
1116 2770 1241 2811 homo
