1780 3178
400 257 866 302 FLORILEGIUM.
896 258 997 301 Tu.
1018 271 1097 315 113
1345 270 1425 315 277

491 463 799 514 TITULUS
831 464 1028 514 CXIII.

86 572 510 613 INFORTUNATOS
530 576 669 615 OPUS
697 576 919 615 HABERE
945 575 1411 615 CONDOLENTIBUS

531 678 565 707 1.
588 666 828 724 Emipides
848 667 994 709 OEneo.

142 736 243 780 Non
262 747 429 796 tempus
448 754 583 796 usque
602 748 676 781 est.
725 741 932 782 Attamen
951 740 1122 783 miseros
1134 739 1262 798 juvat

84 811 240 854 Iterare
258 811 399 855 luctus
418 828 528 871 saepe
546 813 757 856 narrando
776 829 885 856 suos.

516 898 556 930 2.
578 886 698 928 Idem
717 887 999 929 Andromeda.

140 960 173 1002 J
175 975 288 1018 unge
307 960 506 1003 dolorem.
556 961 600 1003 N
601 976 670 1002 am
689 960 764 1018 qui
782 960 942 1018 pariter

84 1034 387 1092 Lachrymant,
409 1036 579 1078 miseros
596 1051 650 1078 ex
666 1046 786 1094 parte
800 1036 956 1079 levant.

579 1123 621 1166 3.
645 1110 765 1152 Idem
783 1111 929 1152 Inone.

139 1183 338 1240 Agreste,
358 1181 593 1241 lachrymas
610 1183 739 1226 rebus
755 1182 929 1227 alterius
946 1182 1069 1225 malis

84 1256 266 1315 Negare.

582 1345 628 1385 4.
648 1332 768 1373 Idem
786 1333 934 1374 Inone.

138 1404 278 1447 Dulce
295 1412 359 1447 est
376 1404 518 1447 amicis
536 1421 658 1463 posse
675 1405 809 1448 laetari
829 1404 976 1447 simul:

80 1481 141 1522 At
160 1479 208 1532 si,
229 1479 347 1538 quod
366 1479 489 1531 absit,
509 1479 680 1538 ingruat
701 1494 790 1522 sors
808 1478 969 1530 durior,

84 1554 288 1598 solatium
307 1563 370 1597 est
389 1564 575 1612 spectare
591 1553 738 1596 vultus
756 1553 991 1596 benevolos.

653 1641 695 1684 5.
717 1628 850 1669 Idem.

139 1701 356 1744 Medicina
373 1700 491 1743 nulla
507 1700 694 1743 luctibus
712 1700 832 1743 saevis
849 1699 977 1742 datur

82 1777 244 1819 Praeter
261 1775 363 1818 boni
381 1784 424 1818 et
442 1774 622 1817 faventis
639 1773 872 1831 alloquium
891 1773 983 1815 viri.

83 1851 143 1893 At
161 1849 352 1908 quisquis
371 1848 443 1892 illo
463 1848 577 1891 solus
596 1857 805 1906 aegrotans
822 1848 935 1890 malo

85 1925 172 1966 Cor
190 1923 280 1981 ipse
297 1923 434 1966 eoncit
452 1932 582 1980 atque
600 1921 810 1964 demulcet
829 1936 969 1973 suum,

85 1996 130 2040 Si
148 2012 262 2040 nunc
280 1995 446 2039 levatur
463 2011 603 2047 onere,
623 2010 714 2038 cras
732 1993 914 2052 duplum
932 1993 1074 2051 gemit.

571 2069 611 2110 6.
636 2067 931 2111 Callimachus.

82 2141 278 2186 Insidunt
295 2141 430 2184 levius
448 2140 614 2183 mortali
632 2140 757 2183 corde
775 2139 954 2190 dolores,

140 2216 202 2257 Et
221 2214 275 2257 de
294 2213 465 2271 triginta
483 2212 676 2271 partibus
694 2227 782 2254 una
797 2212 922 2269 perit,

84 2289 197 2330 Cum
215 2286 291 2328 fidi
309 2286 354 2328 in
373 2285 535 2328 comitis
552 2285 776 2343 gremium,
797 2283 864 2326 vel
883 2283 1065 2340 denique
1086 2281 1237 2325 surdos

143 2362 255 2404 Cum
274 2369 429 2403 temere
447 2359 492 2401 in
510 2366 657 2400 ventos
677 2373 720 2399 se
739 2356 860 2399 dolor
878 2363 1088 2398 exonerat.

478 2443 518 2487 7.
539 2431 817 2490 Apollodorus
836 2431 1026 2472 Laeana.

142 2508 208 2550 Ita
224 2515 287 2550 est
306 2506 480 2550 miseriae
499 2505 730 2563 ingenium,
751 2512 800 2546 ut
817 2503 908 2545 vice
927 2502 981 2544 sit
998 2500 1144 2559 gaudii

87 2584 199 2625 Cum
217 2581 434 2624 lamentari
452 2580 569 2638 apud
588 2579 733 2622 eadem
754 2578 960 2636 patientes
976 2576 1084 2619 licet.

532 2655 570 2696 8.
593 2653 814 2710 Scsplwcles
834 2652 974 2709 Ajace.

144 2729 204 2770 At
223 2743 310 2779 vos,
327 2726 462 2777 amici,
482 2741 663 2783 namque
681 2725 725 2766 in
743 2724 823 2766 hoc
843 2723 1108 2773 adveneram,

90 2800 135 2844 Si
155 2815 282 2858 quam
303 2799 475 2858 potestis
493 2799 597 2842 ferte
615 2798 840 2841 celerantes
858 2811 1003 2854 opem:

726 2884 796 2927 '1'3
