1780 3178
446 255 915 298 FLORILEGIUM.
946 254 1049 296 Trr.
1071 266 1141 309 45.
1383 259 1460 304 107

677 375 719 416 4.
740 362 912 405 Ibidem.

186 436 235 477 ln
254 434 421 479 civitate
438 435 513 494 qui
532 435 671 482 locum
690 435 875 494 primum
897 444 1041 481 tenent

129 507 268 552 Odere
286 524 451 568 semper
469 497 644 552 aeniulos
662 509 879 552 hostiliter.

616 595 657 641 5.
679 585 798 627 Idem
821 585 979 627 Oreste.

187 655 271 706 Qui
290 666 429 700 mente
448 673 618 716 pravus,
638 658 820 702 blandus
839 656 1092 715 eloquentia,

130 729 345 786 Populum
363 745 466 774 aure
485 731 618 784 ducit,
638 732 767 790 pestis
785 740 848 777 est
866 730 962 774 urbi
981 744 1153 774 nocens:

131 802 316 846 Consilia
333 804 406 847 sed
425 806 500 863 qui
519 804 721 864 provide
711 804 898 862 impertit
917 803 1042 856 bona,

132 875 176 918 Si
197 891 279 920 non
300 877 436 936 placet
453 894 580 931 nuuc,
601 890 646 926 at
664 878 847 937 placebit
864 888 1020 937 postea.

603 955 642 997 6.
663 955 783 996 Idem
803 954 994 996 Hecuba.

190 1028 255 1070 Ut
275 1043 405 1086 prava
423 1029 551 1082 dicas,
570 1045 668 1087 quae
687 1039 764 1072 tua
781 1037 846 1071 est
862 1028 1102 1079 auctoritas,

133 1101 517 1146 Movebit‘animos.
568 1104 679 1146 Nam
699 1102 778 1149 viri
796 1102 1051 1161 praenobilis‚

133 1175 195 1220 Et
214 1175 365 1227 tenuis,
385 1176 497 1219 idem
517 1191 652 1219 sermo
669 1176 882 1221 diversum
902 1174 1025 1222 valet.

672 1261 710 1305 7.
732 1251 940 1293 In‘certus.

192 1323 421 1365 Potentum
442 1322 485 1365 in
506 1323 611 1365 urbe
631 1322 738 1365 ratio
757 1322 938 1369 habetur
957 1320 1150 1365 maxima.

649 1398 687 1440 8.
709 1397 962 1439 Menander.

194 1471 279 1522 Qui
297 1470 476 1514 civitatis
494 1471 725 1529 principem
744 1479 883 1514 servat
901 1470 1054 1521 locum,

136 1544 210 1586 Nil
228 1544 455 1588 invidenda
473 1545 511 1588 ei
530 1561 639 1604 opus
657 1555 720 1588 est
738 1544 989 1602 eloquentia,

139 1617 223 1660 Sed
241 1617 315 1661 tali
334 1634 499 1662 morum
518 1635 646 1677 quam
666 1619 843 1662 facilitas
863 1627 1077 1676 temperet..

541 1706 581 1749 9.
602 1692 839 1750 Euripides
858 1691 1070 1733 Alcmena.

196 1774 217 1805 Ρ
232 1766 596 1825 Desipere-oesset‚
617 1782 661 1809 se
680 1781 851 1823 quoque
870 1781 957 1807 esse
977 1764 1187 1806 hominem
1210 1778 1381 1813 memor,

139 1841 225 1893 Qui
243 1841 377 1886 fretus
394 1841 547 1900 opibus
565 1841 716 1899 patriae
730 1840 904 1883 insultat
923 1855 1023 1882 suae.

616 1928 679 1960 ιο,
705 1915 822 1957 Idem
842 1914 1007 1958 Medea.

198 1997 219 2028 (Ι
237 1989 491 2047 Peregrinus
510 1989 606 2033 urbi
626 2004 755 2046 quam
775 1987 874 2031 colit
894 2003 937 2029 se
956 1984 1260 2032 accommodet:

142 2062 255 2115 Quin
276 2063 376 2106 civis
395 2055 519 2107 etiam
540 2063 674 2106 durus
693 2063 737 2105 in
755 2063 865 2105 cives
885 2077 982 2104 suos

59 2159 62 2162 >
142 2138 231 2180 Dat
249 2137 453 2196 imperitae
471 2137 591 2196 signa
608 2135 892 2180 contumaciae

651 2225 668 2252 1
685 2225 715 2252 ι.
738 2210 970 2267 Sophocles.

199 2288 366 2330 Tenens
386 2266 564 2330 honores
583 2295 679 2344 eget
697 2283 882 2328 honestis
901 2282 1094 2339 dotibus:

145 2364 331 2405 Parvum
351 2361 535 2403 laborem
554 2358 714 2417 grande
734 2372 819 2403 non
838 2355 1028 2414 sequitur
1047 2354 1185 2396 decus.

536 2445 601 2476 12.
621 2431 860 2489 Euripides
880 2429 1091 2474 Akmena,

204 2509 432 2552 Hominem
450 2508 622 2550 beatum
641 2520 784 2563 sapere
802 2502 1014 2561 praecipue
1033 2502 1161 2545 decet.

602 2583 618 2600 ·”
629 2594 692 2637 13.
714 2581 833 2622 Idem
851 2578 996 2623 AEolo,

208 2657 315 2700 Belli
334 2656 532 2714 domique
550 2654 758 2714 principes
777 2653 904 2696 nolim
924 2653 1035 2695 viros

267 2815 284 2836 ¹·
299 2806 395 2840 Refer
409 2805 450 2838 ad
464 2804 533 2838 Tit.
547 2800 671 2837 xmx.
977 2806 992 2827 ¹¹
1005 2797 1102 2831 Refer
1116 2796 1158 2830 ad
1170 2795 1239 2829 Tit.
1253 2794 1362 2827 xLu.
