1780 3178
422 255 1022 318 FLQRI-LEGIUM.T11.
1041 267 1110 315 70.

117 364 344 416 Muliebre,
365 363 490 423 culpa
507 363 688 422 sontium
707 362 890 411 insontes
907 372 1069 421 gravat,

117 437 332 496 Malaeque
349 446 481 492 castas
499 437 542 481 in
562 436 705 496 probri
724 445 887 494 partem
902 435 1097 479 trahunt:

117 512 179 570 Et
197 512 253 554 ad
270 511 362 564 ista,
383 527 480 570 quae
500 527 587 554 sors
606 510 738 568 exigit
755 509 968 562 connubii,

118 586 304 628 Cunctas
322 585 460 628 mariti
480 601 623 644 sapere
641 600 718 635 nos
736 572 914 627 credunt
927 582 1046 626 nihil.

411 721 413 725 Α
543 670 608 702 20.
630 657 750 700 Idem
769 656 1023 699 Aleoewmbro.

177 739 192 760 ¹
204 730 312 773 Mali
331 730 535 775 malarum
554 746 598 775 se
616 729 828 788 applicant
846 727 1065 786 connubio.

520 894 851 944 ⁵-TITULUS
884 893 1047 942 LXX.

460 998 538 1047 DE
563 992 772 1048 Uxoms
800 1006 1106 1066 ΡΕΊῚΤΙΟῌΕ.

491 1117 528 1145 1.
550 1103 789 1161 Euripides
808 1103 1074 1160 Melwnippa.

177 1178 277 1220 Non
295 1176 550 1219 destinatum
565 1185 686 1231 sorte-
697 1175 734 1217 si
750 1174 905 1232 quaeris
924 1184 1080 1226 torum,

121 1251 299 1293 Frustra
315 1249 490 1292 laboras.
532 1249 651 1301 Quae
668 1256 809 1291 manet
827 1247 917 1291 fato
935 1247 1102 1295 virum,-

123 1323 309 1427 Sponte
298 1338 343 1366 m
360 1330 531 1381 penates
548 1322 687 1367 veniet
705 1330 748 1365 et
765 1321 887 1364 nullo
903 1321 1081 1365 ambitu.

615 1412 618 1414 ·
694 1408 732 1439 2.
754 1395 887 1438 Idem.
935 1420 937 1423 ·

180 1473 400 1515 Proserere
417 1471 578 1530 prolem
596 1485 723 1529 paroe
741 1470 826 1513 Das
841 1445 1089 1511 nolentibus.

493 1593 514 1597 ,.
575 1532 627 1600 3.
649 1543 767 1591 Idem
788 1542 988 1599 Antiopa.
1024 1579 1027 1583 .

179 1617 433 1670 Affinitates,
453 1617 528 1675 qui
548 1615 669 1674 sapit,
690 1623 854 1673 quaeret
872 1613 1006 1672 pares.

554 1703 595 1744 4.
618 1689 738 1732 Idem
756 1674 1022 1745 Melanippa.

183 1762 423 1808 Sublimiori
441 1777 594 1820 genere
614 1761 689 1819 qui
708 1770 828 1804 natas
845 1769 1012 1818 petunt,

125 1837 341 1896 Opibusve
359 1835 519 1894 opimas
537 1835 751 1892 conjuges,
773 1842 922 1892 optant
940 1832 1058 1874 male.

43 1919 53 1929 ⁸
123 1910 215 1954 Ubi
233 1926 414 1968 namque
432 1909 570 1968 potior
588 1918 656 1951 nes
673 1907 788 1961 domi
807 1917 870 1951 εει
890 1906 1052 1958 uxoria,

124 1983 200 2026 Vir
218 1982 478 2040 mancipatus
490 1982 592 2039 jura
609 1995 694 2023 non
713 1980 864 2023 retinet
884 1979 960 2021 sui.

124 2055 290 2098 Dotalis
307 2054 385 2097 iste
403 2069 550 2097 census
567 2053 714 2096 infelix
732 2052 824 2107 viro
842 2060 919 2104 est,

126 2131 212 2184 Qui
229 2129 436 2173 difficilius
455 2128 580 2171 efficit
597 2125 838 2170 divortium.
960 2184 962 2186 V

627 2225 631 2232 ›
634 2211 675 2258 5.
697 2199 950 2243 Menander.

182 2277 259 2320 Vir
276 2291 452 2335 pauper,
473 2275 638 2334 quoties
652 2273 871 2331 implicans
889 2286 932 2314 se
951 2270 1110 2327 nuptiis
1167 2292 1169 2295 ·

128 2351 240 2394 Cum
259 2364 391 2392 uxore
409 2349 551 2392 dotem
570 2347 727 2406 pariter
744 2344 930 2389 admittit
947 2344 1136 2394 domum,

129 2426 184 2468 Se
202 2423 330 2467 tradit
347 2422 408 2466 illi
425 2431 612 2481 captum,
631 2435 715 2464 non
727 2419 848 2462 illam
866 2417 992 2475 capit.

516 2495 556 2536 6.
579 2493 816 2550 Euripides
831 2491 1070 2547 Meleagro.

1362 264 1439 312 171

186 2568 301 2611 Mihi
319 2567 369 2620 si,
388 2566 506 2625 quod
525 2579 648 2609 omen
667 2578 846 2622 magnus
864 2569 1025 2605 avertat·
1045 2562 1178 2609 Deus,
1220 2599 1223 2605 ,
1240 2601 1241 2604 ,

130 2641 338 2684 Ducenda
355 2640 554 2698 conjunx,
575 2638 629 2682 sit
647 2653 751 2680 meae
770 2635 878 2694 proli
897 2649 1048 2705 peirens
1102 2664 1104 2666 -

175 2800 188 2815 ¹
203 2793 301 2825 Refer
315 2792 356 2824 ad
370 2791 440 2824 Tit.
456 2791 560 2823 Lxx,
735 2796 746 2810 ¹
765 2790 917 2819 Potucmt
931 2784 1087 2825 conjungi
1103 2794 1176 2816 cum

1189 2783 1256 2815 Tit.
1275 2783 1414 2815 mour.
