1780 3178
386 260 470 306 288
797 261 996 305 IOANN
999 262 1056 306 IS
1088 260 1329 308 STOBAEI'

818 376 859 419 8.
879 377 1118 436 Eumspides
1135 378 1298 438 AEgea

847 452 985 494 Morti
1005 451 1174 498 debitus

382 520 529 563 Etiam
549 521 743 565 laborum
762 523 838 582 qui
858 524 976 567 sedet
992 524 1100 567 liber
1118 525 1245 568 domi.

892 611 936 655 9.
957 598 1218 656 Phocylides.

440 667 595 710 Omnia
613 683 725 711 mors
744 679 896 727 aequat.
950 670 1075 714 Solus
1095 672 1217 714 Deus
1234 671 1414 731 imperat
1431 673 1603 717 umbris.

380 739 441 782 Et
460 749 543 783 tam
564 742 822 800 pauperibus
840 743 960 787 sedes
979 760 1108 802 quam
1128 745 1290 788 ditibus
1308 751 1395 790 u'na
1413 756 1488 790 est.

734 831 798 860 10.
819 819 1063 861 Menander
1085 820 1387 863 Gubernatore.

439 891 498 932 At
517 899 628 932 certe
647 906 803 934 venum
822 908 908 934 non
929 892 1056 936 datur
1073 893 1378 947 immortalitas,

381 964 472 1006 Nec
494 963 527 1006 si
549 964 706 1007 talenta
725 965 894 1008 Tantali
914 967 1162 1024 possederiS,

380 1039 467 1081 Sed
486 1039 778 1082 occubandum
798 1050 883 1083 est:
916 1040 987 1083 illa
1005 1040 1237 1099 linquenda
1255 1040 1386 1085 alteri.

897 1129 913 1157 1
927 1129 961 1157 1.
984 1117 1219 1174 Szsphocles.

436 1187 605 1245 Corpus
625 1188 752 1231 senile
773 1189 944 1247 sopiunt
963 1199 1103 1232 motus
1123 1190 1246 1234 leves.

908 1277 926 1306 1
937 1277 973 1308 2.
992 1265 1200 1307 Incertus.

437 1335 635 1378 Mortalis
654 1351 797 1379 amens
816 1337 896 1395 qui>
911 1337 1035 1380 nimis
1053 1348 1231 1381 mortem
1251 1339 1392 1383 timet:
1459 1365 1467 1378 ι

378 1408 572 1451 Fortuna
591 1419 730 1452 totum
749 1411 829 1454 hoc
850 1420 986 1454 verset
1006 1412 1179 1455 arbitrio
1198 1429 1300 1456 suot

379 1484 587 1540 Suprema
605 1499 702 1527 nam
723 1501 820 1527 cum
840 1486 1002 1529 venerit
1016 1485 1116 1529 vitae
1136 1486 1239 1539 dies,

376 1556 408 1597 J
411 1556 500 1599 ovis
515 1557 607 1615 ipsa
627 1559 784 1617 templa
804 1559 837 1602 si
856 1570 990 1618 petas,
1011 1560 1130 1603 nulla
1148 1570 1211 1603 est
1230 1561 1346 1619 fuga.

894 1647 958 1691 13.
981 1634 1215 1677 Anacreon.

348 1755 359 1759 ,
437 1704 550 1746 Mihi
564 1705 655 1762 jam
675 1705 802 1748 senile
821 1707 934 1749 canis

376 1778 520 1835 Caput
540 1778 692 1821 albicat
710 1778 895 1837 capillis:

374 1852 500 1894 Abiit
518 1852 644 1895 decor
657 1853 864 1910 juventae,

375 1926 634 1984 Seniumque
653 1927 756 1969 dens
770 1927 953 1976 fatetur:

373 1999 525 2056 Neque
544 2000 704 2057 grande
724 2000 858 2043 dulcis
877 2000 957 2044 aevi

372 2074 567 2131 Spatium
587 2074 690 2116 mihi
708 2074 901 2117 relictum
921 2083 994 2117 est.

374 2147 476 2190 Ideo
496 2148 674 2190 subinde
694 2157 892 2190 moestum

374 2220 512 2261 Gemo
533 2221 764 2267 Tartarum
777 2235 1067 2277 expavescens.

374 2292 495 2334 Mala
514 2302 556 2335 et
575 2292 749 2335 horrida
766 2301 830 2336 est
849 2293 981 2336 subiri

372 2367 404 2408 J
406 2365 495 2408 ovis
514 2366 636 2409 inferi
656 2382 857 2409 caverna:

372 2442 526 2498 Neque
545 2458 595 2484 eo
613 2442 826 2499 profectus
846 2456 1034 2499 unquam

373 2514 522 2557 Potuit
540 2515 691 2572 pedem
712 2515 878 2557 referre.

759 2601 826 2642 14.
848 2588 1086 2646 Euripides
1105 2587 1322 2630 Alcestide.

430 2661 617 2703 Mortem
639 2661 779 2704 subire
797 2671 910 2704 certa
928 2661 997 2703 lex
1018 2660 1286 2703 mortalibus:

372 2733 510 2774 Nemo
529 2734 686 2776 futurae
707 2733 827 2776 sortis
846 2742 909 2776 est
929 2741 1015 2776 tam
1035 2733 1223 2776 conscius

371 2806 438 2847 Ut
454 2806 638 2863 polliceri
658 2807 885 2850 crastinum
905 2806 1035 2865 possit
1055 2806 1149 2850 sibi.
