1780 3178
252 187 338 231 342

253 288 404 363 ἄριστον
423 288 596 361 ἀνθρώπῳ
616 299 738 346 5,24.

254 346 406 402 ἄριστον
427 348 461 388 δὲ
483 346 524 388 τὸ
540 356 689 403 5,132.

254 403 405 460 ἄριστον
424 405 491 457 μὲν
510 414 658 460 5,100.

251 460 517 519 Ἀριστοτέλης
538 463 608 518 63,
616 474 688 518 32.
720 463 868 518 65,11.
892 477 958 517 14.

251 520 516 575 Ἀριστοτέλης
538 519 630 560 εἶπεν
650 533 694 575 3,
707 533 781 576 53.

253 577 517 632 Ἀριστοτέλης
539 579 722 632 ἐρωτηθεις
742 579 865 630 4Ι,8.

254 634 518 691 Ἀριστοτέλης
539 637 555 674 ὁ
577 644 654 684 φιλ.
674 646 826 690 37,32.

255 691 519 748 Ἀριστοτέλης
540 693 622 740 τοὺς
641 695 690 734 τοὶ
710 693 837 748 4,87.

254 748 518 804 Ἀριστοτέλης
540 750 626 804 φησὶ
651 751 802 805 20,58.

254 806 518 864 Ἀριστοτέλης
536 819 645 859 ,φησιν
670 820 736 859 10,
746 817 815 863 50.

253 864 437 920 Ἀρίστων
459 864 586 919 ἔλεγεν
607 864 677 915 82,
694 878 761 906 11.

255 922 438 978 Ἀρίστων
460 921 522 973 ἔφη
546 921 664 975 80,7.

253 979 437 1035 Ἀρίστων
458 982 475 1019 ὁ
497 981 586 1027 Χῖος
604 992 650 1032 4,
665 992 682 1020 1
694 992 760 1022 10.

254 1035 438 1092 Ἀρίστων
458 1036 537 1085 τοὺς
562 1036 633 1088 82,
646 1046 710 1092 15.

254 1093 433 1168 Ἀρίτονοι
452 1106 496 1149 5,
505 1103 577 1149 50.

255 1150 437 1208 ἀρκείσθω
456 1164 529 1207 55,
535 1164 579 1204 4.

254 1208 501 1282 Ἀρκεσίλαος
522 1209 644 1261 82,4.
676 1220 826 1263 95,17.

253 1265 501 1339 Ἀρκεσίλαος
522 1266 649 1365 ἔλεξεν
668 1280 740 1322 43,
748 1280 815 1322 91.

255 1322 360 1396 ἅςνες
380 1341 435 1365 τοι
458 1322 543 1371 Φίλε
565 1324 691 1378 78,1.

255 1379 366 1454 ἄρξαι
388 1380 445 1422 οὖν
466 1383 538 1422 ἀπὸ
565 1394 711 1437 19,15

255 1437 422 1493 ἅρξεις”
397 1440 454 1496 σις’
477 1456 570 1479 ουτω
587 1439 738 1493 54,16.

257 1496 453 1569 ἀρξώμεθα
473 1497 509 1537 δὲ
529 1508 601 1567 42,
616 1508 680 1538 12.

257 1550 316 1608 αρ’
337 1553 424 1594 οἶσθ’
446 1552 491 1595 σθ’
514 1552 634 1626 ουνεχ’
657 1566 727 1652 916,
737 1566 803 1610 23.
838 1567 908 1609 92,
920 1557 961 1598 6.

256 1608 314 1683 ἄρ’
337 1613 375 1652 οὗ
395 1610 587 1683 μοναρχία
606 1624 680 1666 43,
691 1612 758 1667 63

255 1665 317 1742 αρ’
339 1667 397 1709 ουν
418 1669 669 1725 εὐγενέστερος
692 1669 762 1720 86,
773 1681 843 1712 22.

256 1723 315 1786 ἀρ’
339 1725 397 1767 οὖν
417 1727 578 1779 νομοθετ.
599 1738 671 1779 44,
679 1738 753 1779 44.

254 1783 315 1856 εἰς’
336 1782 394 1824 οὖν
414 1785 480 1824 οὐκ
500 1795 572 1838 49,
580 1792 652 1838 50.
685 1784 757 1835 61,
767 1784 808 1824 6.

252 1838 309 1895 ἄρ’
332 1839 391 1881 οὖν
411 1839 558 1889 τούτους
575 1853 649 1893 4,1
662 1841 728 1883 18.

255 1897 398 1954 ἅρπαζε
421 1907 461 1952 7,
471 1910 540 1950 24.

256 1957 384 2011 ἀρχας
403 1955 581 2010 μεγάλας
606 1968 726 2012 11,3.

255 2012 377 2085 ἀρχαι
397 2015 466 2061 τὰς
488 2026 526 2063 1,
550 2014 620 2067 67.

255 2068 356 2142 ἆρχε
376 2075 517 2126 πρῶτον
537 2072 610 2122 46,
623 2082 691 2112 22.

257 2125 358 2182 ἆρχε
377 2131 517 2167 σαυτοῦ
536 2127 609 2199 48,
618 2136 692 2182 35.

256 2183 443 2241 ἄρχεσθαι
460 2201 585 2240 χρεων
603 2197 676 2237 44,
696 2198 732 2226 Ι.

256 2243 358 2297 ἀρχὴ
379 2245 443 2282 τοῦ
463 2244 513 2294 μὴ
536 2242 577 2293 6,
587 2241 628 2282 8.

256 2316 360 2355 αςχῃ
381 2299 438 2339 ἐπὶ
459 2298 610 2346 ψεύδους
636 2291 702 2350 12,
718 2309 784 2352 17.

256 2357 378 2412 ἀρχὴν
399 2355 506 2426 ἔχων
517 2356 574 2408 46
577 2367 667 2454 ,632.
685 2355 757 2412 38.

256 2415 378 2468 ἀρχὴν
399 2411 528 2463 λαβων
545 2414 602 2465 46
609 2426 701 2469 ,39

257 2471 379 2524 ἀρχην
399 2470 467 2523 μὲν
491 2482 572 2512 120
576 2483 638 2526 ,3
652 2484 695 2522 4.

255 2526 489 2581 Ἀρχίδαμος
509 2539 660 2581 50,Ι2.

255 2583 490 2639 Ἀρχίδαμος
511 2587 528 2624 ὁ
548 2589 619 2625 τῶν
637 2598 785 2640 53,12.

255 2641 487 2696 Ἀρχιμηδην
511 2653 579 2697 29,
590 2642 660 2683 86.

255 2699 406 2770 ἀρχομε
392 2697 474 2738 [νων
495 2700 548 2738 δει
565 2700 638 2751 46,
649 2699 720 2754 63.

255 2771 445 2827 αςχοντας
466 2755 502 2795 δὲ
522 2756 560 2805 δὴ
580 2768 653 2808 44,
660 2756 729 2808 46.

257 2810 438 2883 ἄρχοντος
458 2813 601 2865 ἀγαθοῦ
621 2814 694 2864 46,
702 2826 772 2868 30.

255 2867 440 2924 ἄρχουσιν
461 2872 480 2918 ἡ
501 2870 617 2921 ὀφειλ.
640 2882 818 2925 43,143.

255 2925 449 2983 Ἀρχύτας
471 2927 649 2981 ἀναγνοὺς
671 2938 822 2983 95,15.

869 177 1108 219 INDEX

1025 295 1152 333 ἀσκεῖν
1170 291 1238 345 μὲν
1261 303 1411 347 103,3.

1025 348 1233 422 ἀστοργίαν
1258 350 1401 400 16,10.

1026 405 1259 478 ἀστρολόγον
1279 407 1316 448 δὲ
1339 407 1409 456 80,
1416 407 1458 447 6.

1025 464 1307 536 ἀσυλλόγιστον
1327 477 1369 514 2,
1393 437 1436 505 6.

1026 521 1199 570 ἀσύνετος
1221 538 1320 570 οστις
1337 534 1383 574 4,
1394 534 1458 562 10.

1026 581 1198 632 ἀσφαλὴς
1219 581 1296 634 ’γὰρ
1315 588 1389 634 54,
1401 579 1468 620 18·

1026 639 1124 692 ἀτὰρ
1144 640 1286 677 σιωπᾶν
1312 645 1459 706 13315

1027 693 1262 750 ἀτέκμαρτος
1283 696 1300 735 ὁ
1320 697 1395 742 πίἱς
1416 693 1487 748 98,
1496 691 1568 733 66.

1027 751 1270 792 ἀτελέστατα
1289 754 1366 807 γὰρ
1393 765 1406 792 1
1419 763 1488 803 24,
1499 759 1570 806 15.

1027 808 1201 882 ατερπνον
1227 821 1243 849 1
1258 822 1322 864 19,
1334 822 1376 864 9.

1028 885 1053 906 α
1071 868 1146 914 τοῖς
1166 864 1338 907 ἄλλοισιν
1358 865 1514 921 46,36.

1028 924 1192 979 ἀτραπὸν
1213 926 1260 972 εἰς
1284 923 1439 979 118,.3

1028 981 1200 1037 ἀτρέκεια
1222 994 1294 1037 43,
1306 992 1375 1023 22.

1027 1041 1228 1094 ἀτυχοῦντι
1248 1041 1299 1092 μὴ
1325 1051 1498 1091 112,11.

1028 1095 1182 1137 αὐθαδία
1200 1112 1256 1136 τοι
1281 1108 1350 1147 20,
1364 1109 1430 1149 14.

1028 1152 1126 1202 αὖθις
1148 1153 1183 1194 δὲ
1205 1153 1279 1193 ἐπεὶ
1303 1167 1316 1195 1
1334 1153 1451 1208 17,8.

1027 1209 1272 1264 αὐξανομένου
1293 1214 1357 1252 τοῦ
1383 1210 1560 1266 116,45.

1028 1270 1147 1324 αὐτὰρ
1168 1267 1262 1323 ἐγὼν
1291 1281 1383 1320 110,
1397 1278 1465 1324 17.

1029 1326 1268 1381 Αὐταριάται
1287 1335 1441 1382 54,39.

1029 1385 1148 1440 αυτάρ
1170 1383 1374 1431 Ὀδυσσεὺς
1393 1395 1465 1439 39,
1476 1394 1546 1425 20.

1029 1442 1122 1492 αὐτὴ
1143 1441 1179 1481 δὲ
1199 1440 1324 1482 πάντα
1345 1450 1415 1495 74,
1423 1453 1498 1497 30.

1028 1515 1120 1548 αυτη
1141 1497 1256 1540 τοίνυν
1278 1509 1348 1553 74,
1354 1511 1427 1551 44.

1031 1556 1169 1597 αὐτίκα
1190 1558 1266 1612 γαρ
1286 1555 1443 1629 49,38.

1030 1612 1170 1654 αὐτίκα
1188 1616 1265 1670 γὰρ
1285 1631 1314 1654 ει
1333 1616 1386 1669 τῷ
1408 1613 1449 1665 8,
1459 1624 1530 1655 20.

1029 1671 1230 1725 αὐτόματα
1254 1683 1428 1726 103,11.

1029 1729 1138 1776 αὐτὸς
1158 1730 1236 1785 γαρ
1258 1730 1412 1800 76,11.

1030 1786 1139 1834 αὐτὸς
1158 1788 1235 1841 ’γαρ
1256 1784 1320 1826 ἐὼν
1340 1785 1467 1841 98,9.
1530 1807 1535 1813 ·

1031 1843 1140 1891 αὐτος
1158 1843 1225 1896 μὲν
1245 1842 1303 1883 οὖν
1324 1856 1397 1898 91,
1404 1855 1479 1899 33.

1030 1901 1136 1948 αὐτὸς
1159 1900 1306 1956 τραφεὶς
1327 1909 1399 1957 79,
1409 1903 1452 1942 6.

1028 1957 1199 2031 ,ἀφρήτωρ
1217 1968 1290 2014 50,
1298 1970 1343 2011 4.

1028 2015 1259 2087 Ἀφςοδισιος
1279 2015 1349 2066 28,
1361 2027 1401 2058 2.

1029 2070 1191 2169 ἄφρονοςὃ
1191 2073 1322 2144 ἀνδρὸς
1343 2073 1493 2128 18,15

1030 2127 1191 2201 ἅφρωνδ
1223 2146 1258 2178 ος
1278 2142 1323 2182 4,
1329 2142 1373 2185 3.

1029 2184 1190 2239 ἀφυκτόν
1210 2189 1290 2227 ἐστι
1316 2187 1411 2238 118,
1421 2199 1493 2230 22.

1029 2243 1225 2299 ἀχαλίνων
1244 2246 1398 2300 36,13.

1028 2300 1234 2356 ἀχνύμενος
1253 2301 1375 2355 μένεος
1397 2314 1467 2354 20,
1478 2313 1547 2356 24.

1029 2413 1201 2464 βαβαὶ
1173 2432 1202 2455 ω
1228 2427 1307 2459 120
1311 2428 1406 2471 ,31.

1027 2472 1150 2522 βαβαῖ
1173 2470 1201 2513 ὦ
1220 2472 1272 2515 Σ.
1297 2485 1338 2527 7,
1353 2473 1423 2527 78.

1028 2529 1142 2584 βίιςος
1163 2546 1198 2570 τι
1220 2529 1283 2569 καὶ
1310 2543 1375 2582 14,
1384 2531 1427 2572 6.

1027 2587 1125 2641 βαρὺ
1139 2586 1181 2626 τὸ
1203 2598 1242 2638 φ.
1269 2598 1339 2637 22,
1354 2601 1393 2629 1.

1027 2643 1225 2693 βασιλείας
1245 2644 1281 2684 δὲ
1301 2645 1366 2685 καὶ
1385 2657 1540 2702 43,37.

1026 2701 1204 2750 βασιλεὺς
1224 2700 1296 2753 48,
1309 2702 1379 2743 61.

1025 2757 1205 2808 βασιλεὺς
1225 2760 1302 2814 γὰρ
1322 2776 1385 2799 και
1404 2770 1476 2814 49,
1488 2771 1559 2814 23.

1025 2817 1198 2863 βασιλεῖς
1219 2815 1255 2855 δὲ
1276 2816 1340 2855 καὶ
1359 2817 1433 2868 48,
1445 2817 1516 2871 76.

1026 2870 1169 2923 βέβαια
1193 2884 1290 2926 105,
1304 2884 1377 2924 40.

1026 2927 1179 2981 βέβαιον
1204 2940 1300 2984 105,
1313 2940 1386 2983 47.
