1780 3178
581 198 1033 242 INITIORUM.

77 309 200 360 Ζῆνων
218 316 292 354 τῶν
309 329 356 367 μ.
378 312 452 368 36,
471 293 541 354 26.

75 367 199 418 quwv
210 369 266 466 δὼς
285 369 347 421 ἤδη
369 379 411 424 72
426 380 501 425 45·

75 425 230 478 ζητεῖνδ
230 428 264 467 εἶ
287 439 323 477 1,
347 438 413 469 21.

74 482 190 536 ζητῶν
206 485 271 534 τὴν
289 483 398 535 αλῆθ.
417 496 462 539 5,
481 494 578 540 105.

74 540 165 592 ξωης
182 544 336 596 πονηρᾶς
361 552 539 596 121,17.

76 598 214 648 ζῶντας
235 597 406 651 κολάζειν
430 603 526 654 125,
539 611 582 651 4.

74 653 157 707 ζῶοι
178 672 234 703 τις
253 656 333 697 ἄνθ.
354 655 427 713 98,
438 657 509 709 46.

72 773 94 820 ἡ
113 769 265 820 ἀλήθεια
283 771 442 826 5,106.

72 830 93 878 ἦ
113 826 319 881 αὐτάρκεια
337 837 382 883 5,
392 837 465 884 37.

73 888 94 935 ἦ
114 900 192 938 70‘?
213 882 316 938 ἄγαν
329 897 402 941 43,
426 898 441 926 ¹
453 885 506 927 16

73 945 94 992 ἡ
114 943 192 998 γὰρ
214 940 357 992 δόκησις
378 942 512 996 87,1.

73 1002 95 1049 ἡ
115 1001 194 1055 γᾶς
210 1002 312 1041 κατὰ
332 1012 430 1051 101,
455 1012 525 1055 25.

74 1059 94 1106 ἡ
115 1057 194 1112 γὰρ
215 1055 358 1111 Κύπρις
378 1057 451 1109 64,
470 1069 539 1098 10.

73 1116 94 1163 ἡ
114 1115 192 1169 γὰρ
212 1113 332 1155 πάλαι
354 1115 426 1170 63,
439 1127 511 1170 35.

73 1173 93 1221 ἡ
114 1171 191 1226 γὰρ
210 1170 315 1212 πενία
335 1183 408 1226 97,
425 1183 491 1214 22.

74 1230 95 1278 ἦ
113 1229 192 1283 γὰρ
212 1228 344 1276 σπάνις
364 1228 436 1284 96,
451 1239 492 1283 7.

74 1288 95 1335 ἣ
115 1286 193 1339 γὰρ
212 1286 376 1341 τυραννὶς
389 1299 465 1340 49,
482 1299 526 1338 4·
547 1298 587 1341 9·

73 1345 94 1392 ἡ
114 1343 265 1397 γλῶσσ’
281 1346 343 1397 ὀμ.
366 1344 435 1393 28,
452 1343 491 1384 6.

73 1402 94 1449 ἦ
115 1399 283 1453 γλῶσσά
304 1416 372 1442 σου
394 1412 463 1455 13,
478 1413 522 1453 4.

73 1459 95 1507 ἡ
114 1460 204 1511 γοῦν
223 1461 288 1498 τοῦ
305 1458 466 1514 65,13

74 1517 95 1563 ἦ
115 1517 206 1568 ’Υυνῆ
227 1517 280 1570 τῷ
299 1527 374 1570 39,
383 1527 457 1612 36·0

73 1573 95 1621 ἡ
114 1570 155 1611 δὲ
173 1571 319 1626 μέτροις
337 1585 381 1628 5,
398 1572 471 1627 63.

23 1679 25 1681 ,
74 1630 95 1678 ἦ
116 1627 153 1668 3²
171 1629 287 1685 μυΡά
307 1640 434 1684 4,17.

74 1687 95 1735 ἦ
116 1685 377 1740 δεισιδαιμονία
399 1697 469 1736 22,
484 1687 557 1742 36.

74 1745 95 1792 ἡ
116 1744 150 1783 ἔν
127 1743 393 1840 Εδημοκςατίῃ
413 1755 488 1798 43,
501 1756 574 1796 42.

75 1800 124 1849 ἡ
127 1799 288 1857 Ερμιόνη
312 1810 383 1855 74
397 1809 467 1856 52·

74 1859 95 1906 ἡ
117 1859 214 1908 κακὴ
235 1857 354 1914 κρίσις
371 1859 445 1911 46
464 1868 534 1914 73.

76 1916 96 1964 ἡ
117 1914 295 1956 Λάκαινα
318 1928 386 1972 13,
402 1927 476 1968 42.

76 1973 97 2021 ἦ
118 1971 295 2013 Λάκαινα
314 1973 401 2028 πρὸς
422 1983 576 2028 7511.

75 2031 96 2078 ἦ
115 2029 185 2083 μὲν
204 2030 360 2084 ἀκριβὴς
384 2042 564 2081 101,10.

77 2089 98 2135 ἡ
116 2087 240 2140 μὲνδὴ
263 2085 429 2127 κοινωνία
449 2099 525 2144 43,
542 2099 640 2132 102.

77 2146 98 2193 ἡ
117 2143 185 2198 μὲν
201 2144 305 2192 ἐσθὴς
323 2155 395 2215 37,
412 2154 482 2198 27.

76 2203 97 2250 ἡ
116 2200 239 2254 μνῆμη
259 2200 372 2242 παντί
391 2212 462 2257 25,
479 2214 518 2242 2.

77 2260 98 2307 ἡ
118 2261 177 2298 νῦν
196 2258 263 2299 ὑπὸ
280 2258 442 2311 46,11.

77 2313 311 2366 ἡΞανθίππη
338 2315 436 2367 108,
455 2325 525 2370 77.

77 2369 99 2421 ἢ
119 2373 194 2428 οὐχ
214 2374 297 2443 ἐρᾷς
319 2383 390 2424 20,
403 2385 476 2426 47-

79 2431 99 2478 ἡ
119 2445 250 2483 πατρις
270 2429 316 2478 ὥς
334 2443 408 2500 39,
396 2442 461 2487 ,3.

78 2488 100 2534 ἡ
120 2484 226 2526 πενία
246 2495 378 2527 κωλυει
400 2497 472 2542 95,
489 2499 559 2528 21.

80 2542 163 2591 ἥτε
182 2545 259 2616 γοζιρ
281 2543 362 2599 οὖν
389 2557 486 2600 105
499 2554 572 2599 57·

81 2616 101 2671 η
121 2616 162 2640 τε
183 2598 263 2641 ἰτέα
286 2612 384 2652 100,
402 2612 469 2644 21.

79 2659 101 2705 ἦ
120 2655 259 2705 τέκνοις
279 2655 382 2712 ἄγαν
406 2671 474 2710 10,
487 2658 555 2713 65.

79 2715 101 2763 ἦ
121 2712 238 2754 τοίνυν
258 2714 464 2765 δικαιοσύνη
485 2728 528 2770 9,
542 2726 612 2769 49.

81 2773 102 2819 ἡ
121 2770 285 2840 τυραννις
303 2782 378 2827 49,
391 2781 464 2827 37.

82 2830 103 2877 ἡ
118 2825 218 2883 τύχη
235 2826 356 2883 ὥσπερ
385 2829 480 2879 108,
494 2827 561 2871 82.

82 2900 102 2955 η
123 2888 195 2924 τῶν
215 2884 387 2926 κολάκων
413 2898 482 2937 14,
502 2898 571 2928 21.

83 2943 103 2989 ἡ
123 2944 195 2980 τῶν
210 2941 396 2994 σωμάτων
419 2955 489 2998 29,
503 2952 574 2997 97.

839 313 860 359 ἡ
882 314 992 369 ὑγεία
1016 326 1114 364 101,
1127 325 1171 370 3.

838 369 859 416 ἦ
875 371 1064 424 φιλοτιμίη
1089 383 1242 427 23,12.

840 427 860 496 ᾗ
879 428 934 469 ‘¹²'
935 438 1046 477 λωνος
1068 440 1140 484 74
1152 437 1223 484 54

840 484 860 531 ἣ
881 486 986 537 φύσις
1005 485 1156 559 ἑκάστῳ
1175 486 1246 540 87,
1260 486 1300 527 8.

840 541 860 587 ἣ
880 543 986 595 φύσις
1005 543 1025 594 ἢ
1046 541 1128 584 ἔστ.
1151 544 1224 595 66,
1238 544 1280 584 6.

840 598 860 644 ἦ
882 599 1079 649 Φωκίωνος
1097 613 1144 656 5,
1158 613 1227 654 47.

841 670 861 702 η
883 659 935 698 δεῖ
954 659 1013 711 ζῆν
1034 659 1104 712 76,
1117 670 1162 710 4.

841 709 862 759 ἢ
883 714 974 770 λέγε
995 733 1031 757 τι
1051 728 1179 783 34,1.

841 765 862 816 ἢ
880 775 932 826 μὴ
952 775 1090 847 γῇμεῖν
1112 783 1182 825 74
1195 781 1262 827 27·

841 823 862 873 ἢ
883 832 948 870 οὐκ
967 832 1006 870 ἂι
993 829 1057 878 εις
1077 841 1148 885 79,
1165 841 1236 871 21.

841 879 861 930 ἢ
883 903 994 936 ουτως
1011 889 1040 927 εἰ
1060 899 1133 943 39,
1149 898 1219 985 283.

841 956 861 988 η
881 945 960 999 περι
981 948 1141 1018 ομικροῦ
1162 944 1234 1000 8,3
1252 955 1318 999 27.

840 995 861 1068 ᾖ
881 1007 957 1050 πῶς
976 1000 1022 1043 ἂν
1041 1006 1061 1052 ἢ
1078 1014 1151 1057 932
1161 1014 1234 1058 39·

840 1053 861 1103 ἢ
881 1061 992 1114 σιγὴν
1011 1058 1149 1131 καίριον
1167 1070 1241 1114 34,
1257 1057 1300 1099 8.

840 1109 861 1161 ἢ
880 1133 917 1157 τι
939 1132 1157 1171 κασιγνητοι
1161 1133 1178 1164 ς
1198 1115 1270 1169 8,4
1285 1126 1330 1171 5.

839 1166 861 1218 ἢ
879 1171 920 1214 τί
938 1173 1050 1215 πλέον
1065 1185 1138 1227 79,
1154 1185 1222 1270 {3-

840 1224 861 1275 ἢ
881 1229 920 1272 τί
936 1230 1023 1284 φαίη
1049 1242 1117 1281 10,
1131 1229 1202 1284 78.

840 1300 861 1332 η
880 1288 1056 1343 χαλκέην
1076 1288 1149 1342 78,
1164 1289 1207 1329 6.

840 1339 866 1390 ἢ
880 1346 927 1393 ὠς
945 1345 1128 1402 Οἰάγροιο
1147 1345 1220 1397 64,
1241 1357 1308 1397 14.

841 1397 862 1447 ἦ
882 1400 957 1460 ἄρα
976 1404 1015 1453 δὴ
1034 1415 1080 1475 4,
1092 1413 1162 1459 34.

841 1453 863 1504 ἦ
883 1460 981 1514 βαρὺ
998 1459 1131 1531 Φὸρηιί
1147 1472 1192 1511 4,
1209 1459 1273 1500 16

839 1510 862 1562 ἦ
881 1519 958 1572 ’γὰρ
971 1527 1088 1565 ουτως
1109 1526 1181 1572 972
1194 1528 1294 1572 32.

839 1568 861 1620 ἦ
877 1571 1031 1614 δεινὸν
1004 1575 1063 1630 αρ’
1086 1586 1156 1626 24,
1176 1574 1221 1614 6.

839 1624 860 1677 ἦ
879 1631 1002 1684 μὲνδὴ
1028 1644 1124 1684 104,
1140 1643 1208 1674 12.

840 1682 862 1734 ἦ
882 1690 948 1729 οὐκ
968 1688 1073 1730 οισθα
1096 1701 1164 1739 10,
1179 1697 1250 1744 73.

839 1740 862 1792 ἦ
880 1750 1119 1787 ποντοναῦται
1130 1758 1212 1800 59,
1224 1758 1269 1801 3·

841 1797 863 1850 ἦ
881 1819 950 1843 που
974 1819 1143 1859 κρεισσον
1163 1802 1318 1854 86,10.

842 1854 863 1907 ἦ
882 1876 950 1901 που
966 1860 1143 1916 χαλεπον
1166 1872 1234 1911 12,
1250 1873 1294 1915 9.

843 1912 864 1964 ἦ
882 1918 1017 1992 χάριεν
1034 1927 1162 1991 5,11.

845 1969 867 2044 ἦ
885 1978 962 2048 γαρ
981 1972 1025 2016 αν
1045 1979 1107 2027 ἡμ.
1131 1974 1290 2030 6.8,32

844 2046 863 2085 ῃ
879 2030 954 2071 δ”
927 2050 971 2072 αν
991 2049 1080 2074 ποτε
1098 2043 1286 2087 43,119.

844 2087 914 2140 ἥβη
936 2089 1000 2130 καὶ
1021 2089 1139 2139 νεότης
1158 2100 1317 2143 52,12.

843 2144 968 2196 ἥβης’
955 2164 1028 2187 exe
1018 2145 1086 2196 'vus
1107 2157 1180 2201 52,
1197 2159 1264 2186 11·

842 2201 932 2255 ἥβης
951 2207 1130 2259 ταρπῆναι
1156 2215 1252 2258 103,
1271 2215 1310 2243 1.

843 2260 1040 2316 ἡγησάμην
1061 2270 1131 2313 72,
1151 2272 1219 2302 12.

844 2319 1007 2372 ἠγοῦμαι
1023 2327 1152 2373 5,54·

844 2374 1044 2430 ἡγουμένης
1064 2375 1100 2415 δὲ
1126 2387 1193 2425 10,
1181 2386 1278 2472 8.19

844 2431 1040 2486 ἡγούμενος
1059 2437 1132 2472 τῶν
1150 2431 1206 2484 48
1211 2441 1291 2486 5
1266 2455 1306 2486 5

844 2487 906 2539 ἥδη
928 2491 1006 2544 γὰρ
1027 2491 1124 2544 αὐγὴ
1150 2462 1247 2539 116,
1268 2500 1338 2530 22.

844 2543 906 2596 ἤδη
927 2549 1006 2602 γὰρ
1027 2545 1114 2587 εἶδον
1133 2546 1295 2618 38,19.

845 2601 905 2652 ἤδη
925 2605 1051 2660 γὰςι
1022 2602 1109 2644 εἶδον
1129 2601 1243 2658 ἄνδρα
1258 2603 1330 2656 87,
1344 2613 1413 2643 10.

844 2658 906 2709 ἤδη
925 2661 1003 2716 γαρ
1024 2663 1041 2700 ὁ
1066 2661 1147 2704 116
1149 2672 1250 2715 ,.19

844 2715 905 2766 ἤδη
925 2718 1055 2757 νοσῶδΒ
1043 2735 1074 2765 Βς
1098 2717 1196 2767 106,
1212 2728 1256 2769 4.

844 2771 906 2823 ἤδη
927 2777 985 2813 νῦν
1004 2772 1110 2821 αἲδως
1129 2785 1204 2829 32,
1211 2786 1256 2826 4.

845 2829 937 2879 ἥδιον
958 2829 1053 2871 οὐδέν
1078 2842 1199 2886 19,2.

846 2887 969 2934 ἡδονὰς
989 2889 1058 2935 τὰς
1081 2900 1152 2944 29,
1171 2888 1239 2942 65.

846 2944 965 2994 ἡδονὴν
987 2946 1025 2984 οὐ
1046 2956 1090 2999 5,
1105 2954 1176 2998 77.

1456 209 1539 256 351
