1780 3178
408 280 418 286 „
436 251 902 297 FLORILEGIUM.
931 253 1034 296 Trr.
1055 254 1122 297 81.
1374 266 1458 311 203

562 379 604 422 4.
625 367 815 410 Phileous
832 368 1030 411 Lusibuae.

130 437 229 480 Non
247 436 369 481 feriet
387 438 484 481 solis
503 447 680 483 stantem
698 455 768 483 me
785 439 830 482 in
847 439 1061 483 montibus
1078 439 1223 483 alnum

155 565 158 568 ‚
186 509 364 552 Rustica
381 508 547 553 sublato
564 510 672 553 dura
689 510 829 569 ligone
847 526 1019 553 manus:

131 580 214 624 Sed
233 582 308 639 qui
326 582 579 626 carminibus
595 584 769 643 gaudet,
789 599 918 643 quem
933 584 1046 628 mille
1064 584 1228 628 labores

185 655 422 699 Verborum
441 656 576 700 varias
594 657 798 701 edocuere
815 657 914 700 vias.

534 743 576 787 5.
598 732 838 790 Euripides
855 732 1055 775 Hercule.

185 803 230 844 N
231 817 286 846 et>
297 804 465 847 cessabo
485 805 665 848 Veneres
683 804 818 848 doctis

126 875 159 918 J
160 891 318 935 ungere
338 877 479 920 Musis
496 877 636 921 foedus
654 878 859 921 amicum:

128 948 205 991 Ah
222 964 276 992 ne
295 949 434 993 vivam
452 952 645 994 carminis
662 967 822 1010 expers.

554 1026 595 1068 6.
617 1025 736 1067 Idem
754 1026 1035 1068 Andromeda.

184 1095 259 1138 Ah
279 1111 408 1154 quam
426 1106 640 1154 premente
658 1093 830 1141 numine
848 1098 1010 1142 afflictae
1028 1097 1106 1141 tibi

129 1169 216 1211 Res
235 1179 347 1222 sunt,
368 1178 412 1212 at
430 1169 505 1212 alti
525 1169 695 1227 spiritus
713 1170 864 1213 oratio!

572 1254 612 1298 7.
633 1244 756 1287 Idem
773 1244 1011 1287 Palamede.

185 1316 284 1373 Ego
302 1315 372 1358 ille
390 1326 528 1359 mutas
546 1316 776 1374 conjugans
794 1316 1008 1359 vocalibus

128 1389 365 1432 Monstravi
382 1389 622 1432 hominibus
639 1389 875 1432 litterarum
892 1389 1066 1440 foedera,

128 1461 360 1505 Oblivionis
378 1462 645 1505 tenebricosoe
663 1461 922 1505 remedium:

127 1534 193 1576 Ut
210 1533 286 1591 qui
308 1542 484 1591 vagatur
502 1532 587 1576 alta
605 1542 719 1576 trans
737 1532 856 1591 ponti
875 1532 985 1575 vada

128 1605 368 1663 Conspiciat
386 1605 485 1647 inde
499 1605 616 1662 quod
635 1620 724 1648 suae
741 1604 904 1662 geritur
922 1604 1058 1653 domi;

127 1677 190 1720 Ut
207 1686 342 1720 morte
358 1677 531 1720 functus
547 1677 688 1720 liberis
706 1677 836 1720 dictet
853 1685 974 1735 pater

129 1749 401 1792 Haereditatis
418 1749 656 1793 dividendae
674 1750 868 1807 regulas:

128 1822 213 1865 Sed
232 1831 275 1865 et
292 1832 486 1865 nocentes
503 1822 642 1866 litium
660 1823 888 1866 discordias

129 1897 353 1952 Sequestra
370 1895 528 1937 dirimit
547 1895 706 1947 tabula,
725 1895 892 1938 mentiri
910 1903 1066 1938 vetans.

615 1969 654 2011 8.
678 1968 977 2011 Callimachus.

129 2040 276 2083 Infudi
295 2055 560 2098 quaecunque
578 2039 681 2082 meis
699 2047 917 2102 unguenta
935 2038 1108 2097 capillis,

106 2158 109 2161 .
152 2105 157 2108 ¹
184 2115 247 2174 Et
265 2129 363 2172 quae
381 2114 640 2172 temporibus
657 2113 786 2156 florea
804 2122 914 2156 serta
931 2113 1045 2166 dedi,

128 2188 282 2232 Omnia
300 2203 413 2230 nunc
432 2187 519 2230 sine
538 2187 696 2231 honore
708 2188 874 2245 jacent:
906 2202 983 2230 nec
1002 2186 1157 2229 tradita
1170 2203 1268 2245 quae
1289 2197 1387 2230 sunt

184 2261 410 2313 Dentibus,
430 2260 620 2318 ingratus
637 2275 736 2317 quae
754 2259 832 2302 sibi
851 2267 997 2301 venter
1014 2259 1159 2311 habet,

128 2333 274 2376 Altera
290 2332 367 2375 lux
384 2332 512 2375 novit.
563 2331 648 2375 Sed
667 2330 702 2374 si
719 2346 807 2389 qua
824 2330 1020 2374 fidelibus
1038 2331 1160 2374 hausi
1254 2373 1259 2377 .

184 2406 386 2459 Auribus,
406 2406 497 2449 haec
514 2420 679 2449 mecum
695 2419 782 2466 non
799 2404 987 2463 peritura
1005 2414 1185 2448 manent.

555 2490 595 2533 9.
611 2477 830 2520 Philemon
848 2477 1026 2520 Eoeoule.

186 2552 277 2594 Nec
294 2549 364 2593 ille
381 2559 547 2593 tantum
566 2550 733 2608 reperit,
752 2566 840 2608 quo
857 2558 982 2608 pacto
1000 2550 1075 2593 diu

129 2624 333 2667 Absenoes
349 2623 454 2666 alter
470 2623 757 2681 colloquamur
775 2623 909 2676 alteri,

130 2699 191 2740 Et
209 2713 295 2755 qua
312 2697 484 2749 ratione,
504 2697 620 2755 quod
639 2697 734 2754 quis
751 2697 953 2740 addidicit
971 2696 1110 2747 semel,

130 2771 361 2815 Oblivionis
379 2787 403 2814 e
421 2780 624 2829 potestate
642 2771 810 2822 eximat,
891 2807 894 2810 .
